
@misc{quach_litte_bot_2022,
	type = {Billet},
	title = {{LITTE}\_BOT, un robot conversationnel pour dialoguer avec des œuvres littéraires, des personnages ou leur auteur},
	url = {https://bnf.hypotheses.org/12976},
	abstract = {Projet financé par l’EUR ArtTec1, le projet LITTE\_BOT est expliqué par ses concepteurs. L’idée est née de la rencontre entre Joël Huthwohl, directeur du département des Arts du spectacle de la BnF et l’artiste Rocio...},
	language = {fr-FR},
	urldate = {2023-12-24},
	journal = {Carnet de la recherche à la Bibliothèque nationale de France},
	author = {Quach, Cécile and Pappa, Anna and Berenguer, Rocio and Szoniecky, Samuel and Huthwohl, Joël and Dendievel, Hugo and Laborderie, Arnaud},
	month = sep,
	year = {2022},
	file = {Snapshot:/Users/hnparis8/Zotero/storage/UAJHK7LA/12976.html:text/html},
}

@inproceedings{pappa_designing_2023,
	address = {Budapest},
	title = {Designing a database for a classical theatrical chatbot},
	url = {https://liberconference.eu/wp-content/uploads/2023/06/LIBER_2023_conf_book_website_NEW.pdf},
	doi = {https://doi.org/10.36820/LIBER.2023},
	abstract = {The LITTE\_BOT project aims to create a theatrical chatbot embodying Dom
Juan for Molière’s 400th anniversary, presented for the exhibition „Molière,
le jeu du vrai et du faux” that the BnF and the Comédie Française devoted
to him in 2022. Initiator of the project, Rocio Berenguer, a playwright,
approached the French National Library (BnF) to recover the corpus for a
literary chatbot. The Gallica Studio project (now closed) encouraged the
reuse of Gallica’s content, while experimenting with emerging technologies.
In this case, exploring voice mediation through chatbots and explaining
it to the public. Researchers Anna Pappa and Samuel Szoniecky (both at
University Paris 8) contributed their scientific expertise to make the chatbot
a reality, in the framework of a call for projects from the Artec university
research school.},
	language = {anglais},
	booktitle = {Open and {Truster} : {Reassessing} research library values},
	author = {Pappa, Anna and Szoniecky, Samuel and Berenguer, Rocio and Huthwohl, Joël and Quach, Cécile and Laborderie, Arnaud},
	month = jul,
	year = {2023},
}

@article{szoniecky,
	title = {Ecologies of software},
	author = {Szoniecky, Samuel},
	url = {http://www.paris-iea.fr/fr/evenements/symposium-on-software-and-digital-humanities-ii},
	address = {IEA, Paris, France}
}
