
@article{szoniecky_conception_2020,
	title = {Conception d’un crible pour mesurer collectivement les impacts écologiques de l’activité},
	volume = {Vol. 16},
	issn = {1622-1494},
	url = {https://www.cairn.info/revue-les-cahiers-du-numerique-2020-2-page-175.htm},
	abstract = {Cet article pr\&\#233;sente une m\&\#233;thode pour concevoir un dispositif g\&\#233;n\&\#233;rique de m\&\#233;trologie citoyenne que nous appelons crible et dont nous \&\#233;tudions la conception dans le contexte de l\&\#8217;\&\#233;cologie de l\&\#8217;activit\&\#233;, plus pr\&\#233;cis\&\#233;ment dans l\&\#8217;exemple de la consommation d\&\#8217;avocat. Cette conception s\&\#8217;appuie sur une mod\&\#233;lisation \&\#233;thique de l\&\#8217;activit\&\#233; faisant r\&\#233;f\&\#233;rence \&\#224; (Guattari, 1989\&\#160;; Deleuze, 1980\&\#160;; Groupe \&\#181; et al., 2016\&\#160;; Citton, 2010\&\#160;; Descola 2005, Berque, 2009) et s\&\#8217;appuyant sur les exigences qu\&\#8217;une telle d\&\#233;marche implique pour la gestion des donn\&\#233;es. Le crible en tant qu\&\#8217;interface entre objectivit\&\#233; et subjectivit\&\#233; offre une analogie op\&\#233;ratoire pour explorer les cons\&\#233;quences de l\&\#8217;activit\&\#233; \&\#224; partir d\&\#8217;un mod\&\#232;le simple d\&\#8217;\&\#233;criture et de lecture bas\&\#233;e sur la formule logique sujet \&\#8211; objet - pr\&\#233;dicat contrainte par l\&\#8217;ontologie \&\#233;thique\&\#160;: physicalit\&\#233;s, acteurs, concepts, rapports.},
	language = {fr},
	number = {2},
	urldate = {2021-11-06},
	journal = {Les Cahiers du numerique},
	author = {Szoniecky, Samuel},
	year = {2020},
	note = {Bibliographie\_available: 0
Cairndomain: www.cairn.info
Cite Par\_available: 0
Publisher: Lavoisier},
	pages = {175--199},
	file = {Snapshot:/Users/hnparis8/Zotero/storage/H2JNNL4C/revue-les-cahiers-du-numerique-2020-2-page-175.html:text/html},
}

@inproceedings{meunier_apports_2017,
	title = {Apports d'une ontologie à l'apprentissage des statistiques},
	url = {https://hal-univ-paris8.archives-ouvertes.fr/hal-01565705/document},
	abstract = {La structuration des connaissances est un enjeu majeur pour l'enseignement des méthodes statistiques. Parallèlement, l'usage croissant de ressources en ligne pose aux apprenants des problèmes de repérage et d'évaluation de leur pertinence. La convergence de ces deux problématiques nous a conduits à proposer une ontologie informatique pour l'indexation des ressources pédagogiques. Nous en discutons les intérêts et les perspectives pour leur partage, l'étude des difficultés d'acquisition et le développement de nouveaux dispositifs d'aide à l'apprentissage.},
	language = {fr},
	urldate = {2018-10-11},
	author = {Meunier, Jean-Marc and Szoniecky, Samuel and Lamolle, Myriam},
	month = sep,
	year = {2017},
	keywords = {statistiques},
	file = {Full Text PDF:/Users/hnparis8/Zotero/storage/QVRQ6PUW/Meunier et al. - 2017 - Apports d'une ontologie à l'apprentissage des stat.pdf:application/pdf;Snapshot:/Users/hnparis8/Zotero/storage/HPXUWHI8/hal-01565705.html:text/html},
}

@article{leleu-merviel_metamorphoses_2019,
	title = {Métamorphoses et hybridations d’une archive numérique pour sa valorisation : vers des écosystèmes de connaissances},
	volume = {20},
	url = {http://europia.org/RIHM/V20N1/3-RIHM20V1-samszo.pdf},
	language = {en},
	number = {1},
	journal = {Journal of Human Mediated Interactions},
	author = {Szoniecky, Samuel},
	editor = {Leleu-Merviel, Sylvie and Zreik, Khaldoun},
	year = {2019},
	pages = {77--104},
	file = {Leleu-Merviel et al. - 2019 - Journal of Human Mediated Interactions.pdf:/Users/hnparis8/Zotero/storage/VRKLUBAW/Leleu-Merviel et al. - 2019 - Journal of Human Mediated Interactions.pdf:application/pdf},
}
