
@article{abbott2016,
	title = {L'avenir des sciences sociales},
	author = {Abbott, Andrew and Bouvard, Hugo and Ollion, {Étienne}},
	year = {2016},
	date = {2016},
	journal = {Annales. Histoire, Sciences Sociales},
	pages = {575--596},
	volume = {71e année},
	number = {3},
	url = {https://www.cairn.info/revue-annales-2016-3-page-575.htm},
	langid = {fr}
}

@book{ihadjadène2013,
	title = {Classifications et dispositifs informationnels},
	author = {{Ihadjadène}, Madjid and Szoniecky, Samuel and Kembellec, {Gérald}},
	year = {2013},
	month = {08},
	date = {2013-08-14},
	url = {https://hal-univ-paris8.archives-ouvertes.fr/hal-01098424},
	langid = {fr}
}

@article{desfrichesdoria2022,
	title = {Les enjeux de la culture numérique : des habitus de réception à la réflexivité numérique},
	author = {Desfriches Doria, {Orélie} and Szoniecky, Samuel},
	year = {2022},
	date = {2022},
	journal = {Approches Théoriques en Information-Communication (ATIC)},
	pages = {5--10},
	volume = {5},
	number = {2},
	doi = {10.3917/atic.005.0005},
	url = {https://www.cairn.info/revue-approches-theoriques-en-information-communication-2022-2-page-5.htm},
	note = {Publisher: DICEN IdF},
	langid = {fr}
}

@book{szoniecky2016,
	title = {Collective intelligence and digital archives},
	author = {Szoniecky, Samuel and Bouhai, Nasreddine},
	year = {2016},
	date = {2016},
	publisher = {ISTE Ltd/John Wiley and Sons Inc},
	address = {Hoboken, NJ}
}

@book{szoniecky2017,
	title = {Intelligence collective et archives numériques},
	author = {Szoniecky, Samuel and {Bouhaï}, Nasreddine},
	year = {2017},
	date = {2017},
	publisher = {ISTE éditions},
	edition = {Systèmes d'information, web et société}
}

@article{desfrichesdoria2022,
	title = {Les enjeux de la culture numérique : des habitus de réception à la réflexivité numérique},
	author = {Desfriches Doria, {Orélie} and Szoniecky, Samuel},
	year = {2022},
	date = {2022},
	journal = {Approches Théoriques en Information-Communication (ATIC)},
	pages = {5--10},
	volume = {5},
	number = {2},
	doi = {10.3917/atic.005.0005},
	url = {https://www.cairn.info/revue-approches-theoriques-en-information-communication-2022-2-page-5.htm},
	note = {Publisher: DICEN IdF},
	langid = {fr}
}

@book{ihadjadène2013,
	title = {Classifications et dispositifs informationnels},
	author = {{Ihadjadène}, Madjid and Szoniecky, Samuel and Kembellec, {Gérald}},
	year = {2013},
	month = {08},
	date = {2013-08-14},
	url = {https://hal-univ-paris8.archives-ouvertes.fr/hal-01098424},
	langid = {fr}
}

@article{laborderie2015,
	title = {Cultiver son jardin numérique : métaphore et dispositifs éditoriaux},
	author = {Laborderie, Arnaud and Szoniecky, Samuel},
	year = {2015},
	month = {12},
	date = {2015-12},
	journal = {Interfaces numériques},
	pages = {351--368},
	volume = {4},
	number = {3},
	url = {https://hal-bnf.archives-ouvertes.fr/hal-01258307/document},
	langid = {fr}
}

@inproceedings{meunier2017,
	title = {Colloque Francophone International sur l{\textquoteright}Enseignement de la Statistique},
	author = {Meunier, Jean-Marc and Szoniecky, Samuel and Lamolle, Myriam},
	year = {2017},
	month = {09},
	date = {2017-09-06},
	url = {https://hal-univ-paris8.archives-ouvertes.fr/hal-01565705/document},
	langid = {fr}
}

@inproceedings{meunier2018,
	title = {An ontology-based enriched ebook for teaching statistics},
	author = {Meunier, Jean-Marc and Szoniecky, Samuel},
	year = {2018},
	month = {07},
	date = {2018-07},
	url = {https://hal-univ-paris8.archives-ouvertes.fr/hal-01841292},
	address = {Kyoto, Japan}
}

@misc{legoux2023,
	title = {History of the Generative AI},
	author = {Legoux, Gilles},
	year = {2023},
	month = {08},
	date = {2023-08-01},
	url = {https://medium.com/@glegoux/history-of-the-generative-ai-aa1aa7c63f3c},
	langid = {en}
}

@article{bachimont2017,
	title = {Le numérique comme milieu : enjeux épistémologiques et phénoménologiques. : Principes pour une science des données},
	author = {Bachimont, Bruno},
	year = {2017},
	month = {12},
	date = {2017-12-06},
	journal = {Interfaces numériques},
	pages = {402--402},
	volume = {4},
	number = {3},
	doi = {10.25965/interfaces-numeriques.386},
	url = {https://www.unilim.fr/interfaces-numeriques/index.php?id=386},
	note = {Number: 3
Publisher: Université de Limoges},
	langid = {fr}
}

@book{citton2023,
	title = {Angles morts du numérique ubiquitaire},
	author = {Citton, Yves and Lechner, Marie and Masure, Anthony},
	year = {2023},
	date = {2023},
	publisher = {Presses du réel (Les)},
	url = {https://journals.openedition.org/lectures/59146},
	note = {Publication Title: http://journals.openedition.org/lectures},
	langid = {fr}
}

@misc{ertzscheid2023,
	title = {GPT-3 : c'est toi le Chat.},
	author = {Ertzscheid, Olivier},
	year = {2023},
	month = {01},
	date = {2023-01-02},
	url = {https://affordance.framasoft.org/2023/01/gpt-3-cest-toi-le-chat/},
	note = {Section: Digital Labor},
	langid = {french}
}

@book{masure2023,
	title = {Design sous artifice : la création au risque du machine learning},
	author = {Masure, Anthony},
	year = {2023},
	month = {03},
	date = {2023-03-03},
	publisher = {Head Publishing},
	edition = {Illustrated édition},
	langid = {Français}
}

@misc{mineur2022,
	title = {Réflexions provisoires liées aux intelligences artificielles},
	author = {Mineur, Etienne},
	year = {2022},
	month = {05},
	date = {2022-05-23},
	url = {https://etienne.design/2022/02/16/ai-3/},
	langid = {french}
}

@book{saleh2018,
	title = {Challenges of the Internet of Things: Technique, Use, Ethics},
	author = {Saleh, Imad and Ammi, Mehdi and Szoniecky, Samuel},
	year = {2018},
	month = {09},
	date = {2018-09-21},
	publisher = {ISTE Ltd},
	address = {Hoboken, NJ},
	langid = {Anglais}
}

@inbook{szoniecky2023,
	title = {Intelligences végétales},
	author = {Szoniecky, Samuel},
	year = {2023},
	date = {2023},
	publisher = {Presses du réel (Les)},
	pages = {249--255},
	url = {https://journals.openedition.org/lectures/59146},
	note = {Publication Title: http://journals.openedition.org/lectures},
	langid = {fr}
}

@article{szoniecky2020,
	title = {Conception d{\textquoteright}un crible pour mesurer collectivement les impacts écologiques de l{\textquoteright}activité},
	author = {Szoniecky, Samuel},
	year = {2020},
	date = {2020},
	journal = {Les Cahiers du numerique},
	pages = {175--199},
	volume = {Vol. 16},
	number = {2},
	url = {https://www.cairn.info/revue-les-cahiers-du-numerique-2020-2-page-175.htm},
	note = {Bibliographie{\_}available: 0
Cairndomain: www.cairn.info
Cite Par{\_}available: 0
Publisher: Lavoisier},
	langid = {fr}
}

@book{szoniecky2016,
	title = {Collective intelligence and digital archives},
	author = {Szoniecky, Samuel and Bouhai, Nasreddine},
	year = {2016},
	date = {2016},
	publisher = {ISTE Ltd/John Wiley and Sons Inc},
	address = {Hoboken, NJ}
}

@inproceedings{szoniecky2014,
	title = {ICHSL9 : Alternative Learning Systems},
	author = {Szoniecky, Samuel},
	year = {2014},
	date = {2014},
	url = {https://hal-univ-paris8.archives-ouvertes.fr/hal-01098509/document},
	note = {Cet article présente une modélisation de l'écosystème du numérique éducatif et les problématiques associées à son développement. Pour répondre à ces questions, nous décrivons un atelier laboratoire CreaTIC qui propose un protocole expérimental pour concevoir, éditer et évaluer des ressources pédagogique numérique (RPN).},
	address = {Cotonou, Bénin},
	langid = {fr}
}

@book{µ2015,
	title = {Principia semiotica : Aux sources du sens},
	author = {{µ}, Groupe and Edeline, Francis and Klinkenberg, Jean-Marie},
	year = {2015},
	month = {10},
	date = {2015-10-01},
	publisher = {Les impressions nouvelles éditions},
	address = {Bruxelles},
	langid = {Français}
}

@book{descola2005,
	title = {Par-delà  nature et culture},
	author = {Descola, Philippe},
	year = {2005},
	date = {2005},
	publisher = {NRF : Gallimard},
	address = {Paris}
}

@book{hofstadter2013,
	title = {L'analogie : Coeur de la pensée},
	author = {Hofstadter, Douglas and Sander, Emmanuel},
	year = {2013},
	date = {2013},
	publisher = {Odile Jacob}
}

@book{latour2012,
	title = {Enquêtes sur les modes d'existence : Une anthropologie des Modernes},
	author = {Latour, Bruno},
	year = {2012},
	month = {09},
	date = {2012-09-20},
	publisher = {Editions La Découverte},
	address = {Paris}
}

@book{deleuze1988,
	title = {Le pli},
	author = {Deleuze, Gilles},
	year = {1988},
	month = {09},
	date = {1988-09-01},
	publisher = {Editions de Minuit}
}

@book{berque2009,
	title = {Ecoumène : Introduction à l'étude des milieux humains},
	author = {Berque, Augustin},
	year = {2009},
	month = {09},
	date = {2009-09-08},
	publisher = {Belin}
}

@book{clément2021,
	title = {La flexibilité cognitive: Pierre angulaire de l'apprentissage},
	author = {{Clément}, Evelyne},
	year = {2021},
	month = {07},
	date = {2021-07-01},
	publisher = {ISTE éditions},
	langid = {Français}
}
