
@inproceedings{szoniecky_knowledge_2019,
	address = {Heraklion, Crete, Greece},
	title = {Knowledge {Design} in the {Internet} of {Things}: {Blockchain} and {Connected} {Refrigerator}:},
	isbn = {978-989-758-369-8},
	shorttitle = {Knowledge {Design} in the {Internet} of {Things}},
	url = {http://www.scitepress.org/DigitalLibrary/Link.aspx?doi=10.5220/0007751703990407},
	doi = {10.5220/0007751703990407},
	urldate = {2019-06-28},
	booktitle = {Proceedings of the 4th {International} {Conference} on {Internet} of {Things}, {Big} {Data} and {Security}},
	publisher = {SCITEPRESS - Science and Technology Publications},
	author = {Szoniecky, Samuel and Toumia, Amri},
	year = {2019},
	pages = {399--407},
}

@inproceedings{szoniecky_blockchain_2018,
	address = {MSH Paris Nord},
	series = {{DTUC} '18},
	title = {Blockchain et intelligence collective pour le design des connaissances de l’internet des objets : modélisation du pouvoir d’agir des objets connectés},
	isbn = {978-1-4503-6451-5},
	shorttitle = {Blockchain {Et} {Intelligence} {Collective} {Pour} {Le} {Design} {Des} {Connaissances} {De} {L}'{Internet} {Des} {Objets}},
	url = {http://doi.acm.org/10.1145/3240117.3240137},
	doi = {10.1145/3240117.3240137},
	abstract = {Cet article est une réponse prospective aux besoins de l'Internet des Objets en termes de simplicité d'utilisation, de gestion de la sécurité et de préservation de la vie privée. Nous proposons de satisfaire ces besoins à travers une plateforme d'intelligence collective utilisant des cartographies sémantiques en réalité augmentées pour récolter les interactions des utilisateurs avec des objets connectés. L'association de l'intelligence collective et des cartographies sémantiques permet d'envisager un design de connaissances où les capacités d'action des objets connectés sont facilement compréhensibles et modifiables par les utilisateurs. Dans ce dispositif, les technologies de blockchain sont utilisées pour partager en sécurité l'expression des utilisateurs et ainsi augmenter la confiance dans l'Internet des Objets et par la même contribuer au développement d'une réflexivité collective sur les usages de ces écosystèmes sociotechniques.},
	urldate = {2018-10-14},
	booktitle = {Proceedings of the 1st {International} {Conference} on {Digital} {Tools} \& {Uses} {Congress}},
	publisher = {ACM},
	author = {Szoniecky, Samuel},
	year = {2018},
	keywords = {blockchain, Collective intelligence, digital social innovation, Internet Of Thing, power to act},
	pages = {16:1--16:6},
}

@inproceedings{meunier_ontology-based_2018,
	address = {Kyoto, Japan},
	title = {An ontology-based enriched ebook for teaching statistics},
	url = {https://hal-univ-paris8.archives-ouvertes.fr/hal-01841292},
	abstract = {With the development of Internet and the use of digital pedagogy, the production of open educational resources grows very quickly. Sharing these resources has become a major challenge both from an economic point of view, but also for the dissemination and sharing of practices among teachers. The problematics are psychologic (help for learning), ergonomic (usability, acceptability) but also documentary (reuse resources) and editorial (enhancement of digital archives). Based on an ontology developed by University of Oxford and translated in French, we developed a digital archive of open educational resources for teaching statistics. We present and discuss e-book enrichment scenarios in undergraduate statistics courses. We present how this ontology-based approach allows thinking enriched e-books as an adaptive and collaborative learning device. INTRODUCTION Teaching statistics requires the coordination of a functioning logic (the theoretical basis of statistics) and a use logic (what test to choose and how to implement it concretely). The first presupposes the acquisition of a very abstract knowledge, the second presupposes the very fine particularization of this knowledge (Richard, 1983). This coordination is based on the structure of knowledge, in particular the organization of concepts and their properties. These properties can be structural or functional (procedural-related). For example, knowing which properties a sample must have in order to be able to apply a parametric test is the first logical aspect. Knowing how to structure a data table according to the software used, or how to adapt the procedure depending on whether you are working on individual data or a distribution, is a matter of the second. This articulation of knowledge and know-how through the structure of knowledge offers a formalization of the notion of competencies (Paquette, 2007) and at the same time offers ways to develop a logical chain of learning. Above all, it makes it possible to design new types of teaching materials that make it possible to break away from strict linearity of reading and thus offer its adaptability to the diversity of learners and situations in which teaching resources are consulted. It is this possibility that we propose to explore in this article.},
	urldate = {2018-07-27},
	booktitle = {{ICOTS} 10, 10 th {International} {Conference} on {Teaching} {Statistics}},
	author = {Meunier, Jean-Marc and Szoniecky, Samuel},
	month = jul,
	year = {2018},
	file = {HAL PDF Full Text:/home/samszo/snap/zotero-snap/common/Zotero/storage/9ZV3JZVP/Meunier et Szoniecky - 2018 - AN ONTOLOGY-BASED ENRICHED EBOOK FOR TEACHING STAT.pdf:application/pdf},
}

@inproceedings{bootz_toward_2008,
	address = {Bergen},
	title = {Toward an {Ontology} of the {Field} of {Digital} {Poetry}},
	author = {Bootz, Philippe and Szoniecky, Samuel},
	year = {2008},
}

@inproceedings{szoniecky_jardin_2009,
	address = {Conservatoire National des Arts et Métiers, Paris},
	title = {Le jardin des connaissances},
	author = {Szoniecky, Samuel},
	month = nov,
	year = {2009},
}

@inproceedings{szoniecky_langage_2011,
	address = {Hammamet, Tunisie},
	title = {Le langage du {Web} du symbolique à l'allégorique, vers une représentation de la connaissance en train de se faire},
	shorttitle = {Le langage du {Web} du symbolique à l'allégorique},
	booktitle = {{ISKO} - {Magreb} 2011},
	author = {Szoniecky, Samuel},
	month = may,
	year = {2011},
}

@inproceedings{szoniecky_monades_2014,
	address = {Nantes},
	title = {Monades pour une éthique des écosystèmes d'information numériques},
	url = {https://hal-univ-paris8.archives-ouvertes.fr/hal-01070113/document},
	abstract = {La modélisation d'une existence dans un écosystème d'information pose un problème éthique. En référence aux travaux philosophiques de Gilles Deleuze sur l'Ethique de Spinoza et aux propositions de matrices ontologiques de Philippe Descola, nous proposons la modélisation des existences sous la forme d'une monade et le calcul d'un Indice de Complexité Existentiel (ICE). En insistant sur la limitation des machines au domaine du symbolique, nous montrons que la machine offre une potentialité éthique mais que seul l'humain et capable d'un choix éthique.},
	language = {fr},
	urldate = {2015-02-02},
	author = {Szoniecky, Samuel and Hachour, Hakim},
	year = {2014},
	note = {La modélisation d'une existence dans un écosystème d'information pose un problème éthique. En référence aux travaux philosophiques de Gilles Deleuze sur l'Ethique de Spinoza et aux propositions de matrices ontologiques de Philippe Descola, nous proposons la modélisation des existences sous la forme d'une monade et le calcul d'un Indice de Complexité Existentiel (ICE). En insistant sur la limitation des machines au domaine du symbolique, nous montrons que la machine offre une potentialité éthique mais que seul l'humain et capable d'un choix éthique.},
	file = {Full Text PDF:/home/samszo/snap/zotero-snap/common/Zotero/storage/AQMSXTDC/Szoniecky et Hachour - Monades pour une éthique des écosystèmes d'informa.pdf:application/pdf;Snapshot:/home/samszo/snap/zotero-snap/common/Zotero/storage/XQ2RITNH/hal-01070113.html:text/html},
}

@inproceedings{szoniecky_role_2012,
	address = {Prague, Czech Republic},
	title = {The role of semantic topology in sensmaking processes : adressing challenges of indexing with metalanguages},
	url = {http://www.ksi.mff.cuni.cz/ejc/},
	booktitle = {22nd {European}-{Japanese} {Conference} on  {Information} {Modeling} and {Knowledge} {Bases}},
	author = {Szoniecky, Samuel and Hachour, Hakim and Bouhai, Nasreddine},
	month = jun,
	year = {2012},
	pages = {pp. 244-- 257},
}

@inproceedings{szoniecky_les_2012,
	address = {Tunis, Tunisie},
	title = {Les petites bibliothèques dans l’écosystème d’information mondiale},
	isbn = {979-10-900094-10-9},
	booktitle = {Métiers de l'information, des bibliothèques et des archives},
	publisher = {Europia},
	author = {Szoniecky, Samuel and Yacoub, Claude},
	editor = {Mkadmi, Abderrazak and Zreik, Khaldoun},
	month = nov,
	year = {2012},
	pages = {pp. 131--144},
}

@inproceedings{szoniecky_design_2010,
	address = {Paris},
	title = {Design d’information pour une pédagogie de l’ontologie},
	isbn = {2-909285-70-7},
	booktitle = {O1 {Design}.7 : {Conception} assistée par concepteur},
	publisher = {Productions Europia},
	author = {Szoniecky, Samuel},
	month = may,
	year = {2010},
	pages = {pp. 181--192},
}

@inproceedings{szoniecky_agent_2010,
	address = {Toulouse},
	title = {Agent ontologique pour la veille des écosystèmes d'information},
	url = {http://atlas.irit.fr/PIE/VSST/Actes_VSST_2010_Toulouse/Session%207%20-%20Ontologies/SZONIECKY.pdf},
	booktitle = {Veille {Stratégique} {Scientifique} \& {Technologique} {Systèmes} d'information élaborée, {Bibliométrie}},
	author = {Szoniecky, Samuel},
	year = {2010},
	pages = {12 pages},
}

@inproceedings{szoniecky_proposition_2011,
	address = {Bordeaux},
	title = {Proposition d'une méthode graphique pour le filtrage des flux d'information},
	url = {http://www.sfsic.org/%C3%A9v%C3%A9nements-sfsic/doctorales-2011/doctorales-2011--publication-des-actes},
	booktitle = {Doctorales {SFIC} 2011, {Problématisation} et méthodologie de recherche},
	author = {Szoniecky, Samuel},
	year = {2011},
}

@inproceedings{hachour_impact_2006,
	address = {Université du Sud Toulon Var},
	title = {Impact des {TIC} sur la visibilité des {SIC} à l’international : analyses sémantiques d’un corpus de communiqués diplomatiques},
	author = {Hachour, Hakim and Szoniecky, Samuel},
	month = may,
	year = {2006},
}

@inproceedings{szoniecky_dictionnaires_2013,
	address = {Ghardaïa, Algeria},
	title = {Dictionnaires de catégories pour la génération automatique de proverbes : vers une économie sémantique de l'interprétation},
	shorttitle = {Dictionnaires de catégories pour la génération automatique de proverbes},
	url = {https://hal-univ-paris8.archives-ouvertes.fr/hal-01098427},
	abstract = {Dans le cadre du projet GAPAÏ financé par le labex Arts-H2H, nous développons une plate forme pour l'évaluation socio-cognitive des réseaux sociaux. Cette plate forme utilise un générateur automatique de texte pour produire des proverbes que l'on soumet aux utilisateurs des réseaux sociaux afin d'observer l'interprétation qu'ils en font.
Pour que ces observations puissent servir à une analyse socio-cognitive précise des réseaux sociaux, il est nécessaire de générer des textes et récolter des interprétations dont la sémantique est finement contrôlable suivant des critères économiques de base : où, quand, qui, combien, viable, juste... Pour ce faire, une des questions cruciales et celle de la catégorisation, tant au niveau de la génération des textes et de l'interprétation de ceux-ci que des analyses qui en découlent. Face à ces problèmes, on peut s'interroger sur l'utilité des dictionnaires. En fournissant des règles précises de catégorisation, les dictionnaires permettent-ils de constituer les bases d'une économie sémantique ? Celle-ci peut-elle servir pour piloter la génération de texte et analyser leurs interprétations et par là même être un outil pédagogique pour l'apprentissage des langues ?},
	urldate = {2016-05-05},
	booktitle = {La {Néologie}, les corpus informatisés et les processus d’élaboration des langues de moindre diffusion},
	author = {Szoniecky, Samuel},
	month = nov,
	year = {2013},
	keywords = {dictionnaires, économie sémantique, générateur automatique, outil pédagogique},
	file = {HAL Snapshot:/home/samszo/snap/zotero-snap/common/Zotero/storage/M83BDVMK/hal-01098427.html:text/html},
}

@inproceedings{szoniecky_outillages_2015,
	address = {Hammamet, Tunisie},
	title = {Outillages numériques pour les humanités : cartographier des réseaux d’influences},
	shorttitle = {Outillages numériques pour les humanités : cartographier des réseaux d’influences},
	abstract = {Cet article présente les outils numériques utilisés pour cartographier des réseaux d’influences entre littérature et biologie au XIXe siècle. Dans le cadre du projet ANR Biolographes réunissant des chercheurs français et allemands, nous avons testé des outils existants et développé un prototype d’application Web pour la modélisation des influences. Les expérimentations ont montré l’utilité des outils existants pour rapidement constituer des données et les explorer à travers de visualisations cartographiques. Mais pour optimiser l’expression, la diffusion et l’interopérabilité des interprétations faite par les chercheurs, nous avons développé un prototype pour modéliser des points de vue sous la forme de monades numériques.},
	booktitle = {{ISKO} - {Magreb} 2015},
	author = {Szoniecky, Samuel and Louâpre, Muriel},
	month = nov,
	year = {2015},
}

@inproceedings{szoniecky_ecosysteme_2014,
	address = {Cotonou, Bénin},
	title = {Écosystème d'information pour la création, l'édition et l'évaluation de ressources pédagogiques numériques},
	url = {https://hal-univ-paris8.archives-ouvertes.fr/hal-01098509/document},
	abstract = {Cet article présente une modélisation de l'écosystème du numérique éducatif et les problématiques associées à son développement. Pour répondre à ces questions, nous décrivons un atelier laboratoire CreaTIC qui propose un protocole expérimental pour concevoir, éditer et évaluer des ressources pédagogique numérique (RPN).},
	language = {fr},
	urldate = {2015-02-02},
	author = {Szoniecky, Samuel},
	year = {2014},
	note = {Cet article présente une modélisation de l'écosystème du numérique éducatif et les problématiques associées à son développement. Pour répondre à ces questions, nous décrivons un atelier laboratoire CreaTIC qui propose un protocole expérimental pour concevoir, éditer et évaluer des ressources pédagogique numérique (RPN).},
	file = {Full Text PDF:/home/samszo/snap/zotero-snap/common/Zotero/storage/T73N5GB8/Szoniecky - Écosystème d'information pour la création, l'éditi.pdf:application/pdf;Snapshot:/home/samszo/snap/zotero-snap/common/Zotero/storage/P6GTSBHN/hal-01098509v1.html:text/html},
}

@inproceedings{szoniecky_tweet_2012,
	address = {Université de Lorraine},
	title = {Tweet {Palette} : cartographie sémantique pour l'interprétation d'un événement},
	shorttitle = {Tweet {Palette}},
	url = {https://hal-univ-paris8.archives-ouvertes.fr/hal-01098442/document},
	abstract = {Nous présentons dans cet article des hypothèses théoriques et pratiques de conception d’un outil Web pour l’interprétation d’un événement. Nous nous inspirons des propositions de Gilles Deleuze à travers son interprétation de Spinoza (Deleuze, 1968, 1980 et 2001), du modèle des Appareils de Capture Sémantique (Zacklad, 2010) et des principes de l’adressage conceptuel de Pierre Lévy (Lévy, 2011). Ces hypothèses sont illustrées par des exemples issus du Web et mises en application dans le développement d'une application Web permettant à un utilisateur de mettre en relation des documents et des concepts par l’intermédiaire d'une cartographie sémantique.},
	language = {fr},
	urldate = {2015-03-11},
	author = {Szoniecky, Samuel},
	month = oct,
	year = {2012},
	pages = {15},
	file = {Full Text PDF:/home/samszo/snap/zotero-snap/common/Zotero/storage/43AFKSM9/Szoniecky - Tweet Palette  cartographie sémantique pour l'int.pdf:application/pdf;Snapshot:/home/samszo/snap/zotero-snap/common/Zotero/storage/CZFXK8Z9/hal-01098442v1.html:text/html},
}

@inproceedings{stransky_lusage_2014,
	address = {Université du Sud Toulon Var},
	title = {L’usage des diagrammes dans les partitions musicales : du graphique au conceptuel pour une potentialité du geste},
	shorttitle = {L’usage des diagrammes dans les partitions musicales},
	url = {https://hal-univ-paris8.archives-ouvertes.fr/hal-01098436},
	abstract = {Après avoir exposé des exemples précis de partition musicale graphique en montrant la nouveauté des situations inhérentes à ces faits artistiques, dans cet article nous nous interrogeons sur la partition en tant que technologie intellectuelle en l’analysant avec un modèle écosystémique d'information et de communication. A travers ce modèle, nous pré- sentons tout d'abord de façon descriptive quelles informations sont en jeu. Pour et par quels acteurs, suivant quelles réflexivités. Nous analysons ensuite les enjeux de ces pratiques sociales artistiques. Plus particulièrement, nous proposons d’étudier des partitions graphiques assimilables à des diagrammes. Partant d'études de cas concrets, nous montrons la spécificité d’une pensée diagrammatique comme méthode d'analyse et de stimulation de l’expression. Le diagramme en tant que moteur analogique assure les transferts d’une signification graphique vers une potentialité de gestes et, par là même stimule la réflexivité et l’expression.},
	language = {fr},
	urldate = {2017-06-02},
	author = {Stransky, Lenka and Szoniecky, Samuel},
	month = jun,
	year = {2014},
	file = {Snapshot:/home/samszo/snap/zotero-snap/common/Zotero/storage/W2Z7Q9BB/hal-01098436.html:text/html},
}

@inproceedings{meunier_apports_2017,
	title = {Apports d'une ontologie à l'apprentissage des statistiques},
	url = {https://hal-univ-paris8.archives-ouvertes.fr/hal-01565705/document},
	abstract = {La structuration des connaissances est un enjeu majeur pour l'enseignement des méthodes statistiques. Parallèlement, l'usage croissant de ressources en ligne pose aux apprenants des problèmes de repérage et d'évaluation de leur pertinence. La convergence de ces deux problématiques nous a conduits à proposer une ontologie informatique pour l'indexation des ressources pédagogiques. Nous en discutons les intérêts et les perspectives pour leur partage, l'étude des difficultés d'acquisition et le développement de nouveaux dispositifs d'aide à l'apprentissage.},
	language = {fr},
	urldate = {2018-10-11},
	author = {Meunier, Jean-Marc and Szoniecky, Samuel and Lamolle, Myriam},
	month = sep,
	year = {2017},
	keywords = {statistiques},
	file = {Full Text PDF:/home/samszo/snap/zotero-snap/common/Zotero/storage/QVRQ6PUW/Meunier et al. - 2017 - Apports d'une ontologie à l'apprentissage des stat.pdf:application/pdf;Snapshot:/home/samszo/snap/zotero-snap/common/Zotero/storage/HPXUWHI8/hal-01565705.html:text/html},
}

@inproceedings{pappa_designing_2023,
	address = {Budapest},
	title = {Designing a database for a classical theatrical chatbot},
	url = {https://liberconference.eu/wp-content/uploads/2023/06/LIBER_2023_conf_book_website_NEW.pdf},
	doi = {https://doi.org/10.36820/LIBER.2023},
	abstract = {The LITTE\_BOT project aims to create a theatrical chatbot embodying Dom
Juan for Molière’s 400th anniversary, presented for the exhibition „Molière,
le jeu du vrai et du faux” that the BnF and the Comédie Française devoted
to him in 2022. Initiator of the project, Rocio Berenguer, a playwright,
approached the French National Library (BnF) to recover the corpus for a
literary chatbot. The Gallica Studio project (now closed) encouraged the
reuse of Gallica’s content, while experimenting with emerging technologies.
In this case, exploring voice mediation through chatbots and explaining
it to the public. Researchers Anna Pappa and Samuel Szoniecky (both at
University Paris 8) contributed their scientific expertise to make the chatbot
a reality, in the framework of a call for projects from the Artec university
research school.},
	language = {anglais},
	booktitle = {Open and {Truster} : {Reassessing} research library values},
	author = {Pappa, Anna and Szoniecky, Samuel and Berenguer, Rocio and Huthwohl, Joël and Quach, Cécile and Laborderie, Arnaud},
	month = jul,
	year = {2023},
}
