
@misc{szoniecky_samuel_ontologie_2008,
	address = {Université Paris 8},
	title = {Une ontologie spinoziste pour une écologie de l'information},
	url = {http://www.ieml.org/IMG/pdf/Programme_du_13_mai-_Etat_et_perspectives_du_Web_semantique_et_social_-2.pdf},
	author = {Szoniecky, Samuel and Bourenane, Amel},
	month = may,
	year = {2008},
}

@misc{szoniecky_samuel_jardin_2008,
	address = {CNAM, Paris},
	title = {Le jardin des connaissances},
	author = {Szoniecky, Samuel},
	month = sep,
	year = {2008},
}

@misc{szoniecky_samuel_evaluation_2009,
	address = {Chaire de Recherche du Canada en Intelligence Collective, Université Ottawa, Ottawa, Canada},
	title = {Évaluation de l’activité sémantique},
	author = {Szoniecky, Samuel},
	month = may,
	year = {2009},
}

@misc{bootz_entityidentity_2009,
	address = {Barcelona, Spain},
	title = {Entity/{Identity} : {A} tool designed to index documents about digital poetry},
	url = {http://174.132.128.221/~hermenei/press.php},
	author = {Bootz, Philippe},
	collaborator = {Szoniecky, Samuel and Bargaoui, Abderrahim},
	month = may,
	year = {2009},
}

@misc{szoniecky_samuel_ontological_2010,
	address = {Toluca, Mexico},
	title = {Ontological design for ecosystem information},
	url = {http://webstudies.info/ws2010/},
	author = {Szoniecky, Samuel},
	month = mar,
	year = {2010},
}

@misc{szoniecky_samuel_utilisation_2011,
	address = {Tipaza, Algérie},
	title = {L'utilisation d'{IEML} pour la préservation des langues de faible diffusion},
	author = {Szoniecky, Samuel},
	month = jun,
	year = {2011},
}

@misc{szoniecky_samuel_langage_nodate,
	address = {Hammamet, Tunisie},
	title = {Le langage du {Web} du symbolique à l'allégorique},
	url = {https://isko-maghreb2011.loria.fr/index.html%3Fp=17.html},
	author = {Szoniecky, Samuel},
}

@misc{szoniecky_samuel_comment_2012,
	address = {Bibliothèque Nationale, Site Richelieu, Paris},
	type = {Labex {Arts}-{H2H} et {Patrima}},
	title = {Comment valoriser des textualités complexes par le numérique ?},
	author = {Szoniecky, Samuel},
	month = jun,
	year = {2012},
}

@misc{szoniecky_samuel_dimension_2007,
	address = {Saint Denis},
	title = {Dimension technique, ergonomique et cognitive du {Web}},
	author = {Szoniecky, Samuel},
	month = mar,
	year = {2007},
}

@misc{szoniecky_samuel_jardin_2008-1,
	address = {Ecomusée du Perche, Saint-Cyr-la-Rosière},
	title = {Le jardin des connaissances},
	author = {Szoniecky, Samuel},
	month = jun,
	year = {2008},
}

@misc{szoniecky_samuel_chora_2010,
	address = {La Cantine, Paris},
	title = {{CHORA}},
	url = {http://lacantine.org/events/radart-n-5-interfaces-multitouch-et-naturelles},
	author = {Szoniecky, Samuel},
	month = sep,
	year = {2010},
}

@misc{szoniecky_intelligence_2011,
	address = {IUT de Lisieux},
	title = {Intelligence collective pour la conception de statistiques géo-localisées},
	author = {Szoniecky, Samuel},
	month = sep,
	year = {2011},
}

@misc{szoniecky_les_2009,
	address = {Maison des sciences de l’homme et de la société, Lille},
	title = {Les outils pour un état des lieux de l’accessibilité urbaine : actualités et perspectives},
	url = {http://www.meshs.fr/page.php?r=24&id=343&lang=fr},
	author = {Szoniecky, Samuel},
	month = nov,
	year = {2009},
}

@misc{szoniecky_folksonomie_2011,
	address = {Université de Cergy-Pontoise},
	title = {Folksonomie pour l’exploration sémantique d’une bibliothèque},
	url = {http://www.u-cergy.fr/fr/recherche-et-valorisation/iea/archives---2006-a-2010/programme-des-cycles-thematiques-2011/eduquer-et-transmettre---quelle-ecole-demain-2/bibliotheque-numerique-a-l-ere-du-web-2-0.html},
	author = {Szoniecky, Samuel},
	month = mar,
	year = {2011},
}

@misc{szoniecky_ieml_2011,
	address = {Université Paris 8},
	title = {{IEML}, une sphère comme système de coordonnées sémantique de l'e-science ?},
	author = {Szoniecky, Samuel},
	month = apr,
	year = {2011},
}

@misc{szoniecky_web_2011,
	address = {Université de Cergy Pontoise},
	title = {Web sémantique et multilinguisme},
	url = {http://isictal.blogspot.fr/2011/07/ticla-technologies-de-linformation-et.html},
	author = {Szoniecky, Samuel and Saleh, Imad},
	month = jun,
	year = {2011},
}

@misc{szoniecky_espaces_2012,
	address = {CNAM, Paris},
	title = {Espaces cognitifs : les frontières de la recommandation},
	url = {http://dicen.cnam.fr/evenements/les-moteurs-de-recommandation-503171.kjsp},
	author = {Szoniecky, Samuel and Hachour, Hakim},
	month = jun,
	year = {2012},
}

@misc{szoniecky_generateurs_2015,
	address = {EHESS, Paris},
	title = {Générateurs automatiques de texte},
	url = {https://socioargu.hypotheses.org/4932},
	author = {Szoniecky, Samuel},
	month = jan,
	year = {2015},
}

@misc{szoniecky_methode_2015,
	address = {Université de Stuttgart},
	title = {Méthode des humanités numériques : automatismes et intuitions},
	author = {Szoniecky, Samuel},
	month = mar,
	year = {2015},
}

@misc{szoniecky_editer_nodate,
	address = {Maison des sciences de l’Homme, Paris},
	title = {Editer des réseaux d’influence},
	author = {Szoniecky, Samuel and Louâpre, Muriel},
}

@misc{szoniecky_cartographier_2017,
	address = {Archives Nationales, Pierrefitte sur Seine},
	title = {Cartographier l’interprétation des archives},
	url = {http://valarnum.univ-paris8.fr/Programme},
	author = {Szoniecky, Samuel},
	month = nov,
	year = {2017},
}

@misc{szoniecky_exploration_2014,
	address = {Ecole Supérieure d'Ingénierie en Sciences Appliquées, Fès, Maroc},
	type = {Labex {Arts}-{H2H}},
	title = {Exploration et modélisation des frontières numériques par un appareil de capture sémantique},
	author = {Szoniecky, Samuel},
	month = nov,
	year = {2014},
}

@misc{szoniecky_tweet_2012,
	address = {Université de Lorraine, Metz},
	title = {Tweet {Palette} : cartographie sémantique pour l’interprétation d'un événement},
	url = {http://ocs.univ-metz.fr/public/conferences/7/schedConfs/9/program-fr_CA.pdf},
	author = {Szoniecky, Samuel},
	month = nov,
	year = {2012},
}

@misc{szoniecky_interpreter_2014,
	address = {Université́ de Genève},
	title = {Interpréter les archives {Deleuze} : exemple de jardinage des connaissances},
	url = {https://docplayer.fr/2235208-Colloque-international-archives-des-savoirs-problemes-et-enjeux-universite-de-geneve-19-21-juin-2014.html},
	author = {Szoniecky, Samuel},
	month = jun,
	year = {2014},
}

@misc{szoniecky_outillages_2016,
	address = {Nancy},
	title = {Outillages numériques pour les humanités : cartographier des réseaux d’influences},
	url = {http://aliento.msh-lorraine.fr/actualites/vue-details/article/programme-6e-colloque-aliento-16-17-mars-2016-nancy-paris-france.html},
	author = {Szoniecky, Samuel},
	month = mar,
	year = {2016},
}

@misc{szoniecky_ecologies_nodate,
	address = {IEA, Paris, France},
	title = {Ecologies of software},
	url = {http://www.paris-iea.fr/fr/evenements/symposium-on-software-and-digital-humanities-ii},
	author = {Szoniecky, Samuel},
}

@misc{reyes-garcia_generative_2016,
	address = {Halifax, Canada},
	title = {Generative {Stein} {Poems}},
	url = {http://ht.acm.org/ht2016/},
	author = {Reyes-Garcia, Everardo},
	collaborator = {Szoniecky, Samuel and Balpe, Jean-Pierre},
	month = jul,
	year = {2016},
}

@misc{szoniecky_perception_2016,
	title = {La perception des proverbes : cartographier les frontières sapientielles},
	url = {http://frontieres.paragraphe.info},
	author = {Szoniecky, Samuel},
	month = dec,
	year = {2016},
}

@misc{szoniecky_intelligence_2020,
	address = {Colloque de Cerisy},
	title = {Intelligence {Végétale}, 24 septembre – 1er octobre,},
	url = {https://cerisy-colloques.fr/numerique2020/},
	author = {Szoniecky, Samuel},
	month = sep,
	year = {2020},
}

@misc{szoniecky_valorisation_nodate,
	address = {En ligne},
	title = {Valorisation des archives numériques},
	url = {https://archivistes.qc.ca/category/colloque-automne-2021/},
	author = {Szoniecky, Samuel},
}
