
@article{szoniecky_generateur_2012,
	title = {Générateur hypertextuel pour l'interprétation des médias sociaux dans une topologie sémantique},
	volume = {Vol. 7, Empreintes de l’hypertexte sous la direction de Caroline Angé},
	copyright = {© Lavoisier},
	issn = {1622-1494},
	url = {http://lcn.revuesonline.com/article.jsp?articleId=17695},
	language = {fr},
	number = {3},
	urldate = {2012-10-19},
	journal = {Les Cahiers du numérique},
	author = {Szoniecky, Samuel and Hachour, Hakim and Bouhai, Nasreddine},
	month = sep,
	year = {2012},
	pages = {93--121},
	file = {Snapshot:/home/samszo/snap/zotero-snap/common/Zotero/storage/9KRWCZ4A/revue-les-cahiers-du-numerique-2011-3-page-93.html:text/html},
}

@article{laborderie_cultiver_2015,
	title = {Cultiver son jardin numérique : métaphore et dispositifs éditoriaux},
	volume = {4},
	shorttitle = {Cultiver son jardin numérique},
	url = {https://hal-bnf.archives-ouvertes.fr/hal-01258307/document},
	abstract = {L’analogie du jardin peut-elle nous aider à comprendre le concept « cultiver le numérique » ? Dans cet article sous la forme d’un entretien avec Pascal Robert, nous faisons l’hypothèse, à partir de fondements historiques et épistémologiques, que la culture numérique se déploie dans des écosystèmes d’information. Nous en examinons la pertinence en termes d’usages, de dispositifs et d’interfaces à l’aide d’exemples, et notamment : le « jardin » dans l’édition numérique enrichie de Candide publiée par la BNF et Orange, un livre hybride sous la forme d’une application iPad et d’un site web ; le « jardin des connaissances », une plateforme numérique pour l’ingénierie des connaissances et le développement des humanités numériques.},
	language = {fr},
	number = {3},
	urldate = {2016-05-19},
	journal = {Interfaces numériques},
	author = {Laborderie, Arnaud and Szoniecky, Samuel},
	month = dec,
	year = {2015},
	pages = {351--368},
	file = {Full Text PDF:/home/samszo/snap/zotero-snap/common/Zotero/storage/MQJ9ITSF/Laborderie et Szoniecky - 2015 - Cultiver son jardin numérique  métaphore et dispo.pdf:application/pdf;Snapshot:/home/samszo/snap/zotero-snap/common/Zotero/storage/595FJ7ZV/hal-01258307.html:text/html},
}

@article{szoniecky_modelisation_2017,
	title = {Modélisation éthique de l’{Internet} des {Objets}},
	volume = {2},
	issn = {2514-8273},
	url = {http://www.openscience.fr/Modelisation-ethique-de-l-Internet-des-Objets},
	doi = {10.21494/ISTE.OP.2017.0148},
	abstract = {L’article présente les principes théoriques et graphiques pour une modélisation éthique de l’internet des Objets. Ces principes sont appliqués à la modélisation des points de vue du parlement européen sur la question des règles de droits civiles pour la robotique. Plus particulièrement, nous montrons comment récolter des données brutes pour la modélisation d’existences informationnelles dans un écosystème de connaissances. En conclusion nous nous interrogeons sur la viabilité d’une signalétique pour évaluer l’éthique des objets connectés et sur les travaux qu’ils restent à mener pour y parvenir.},
	number = {Numéro 2},
	journal = {Internet des objets},
	author = {Szoniecky, Samuel and Safin, Stéphane},
	year = {2017},
}

@article{szoniecky_design_2020,
	title = {Design de connaissances dans l’{Internet} des {Objets} : {Blockchain} et réfrigérateur connecté},
	volume = {Vol. 17},
	issn = {2269-7195},
	shorttitle = {Design de connaissances dans l’{Internet} des {Objets}},
	url = {https://www.cairn.info/revue-communication-et-management-2020-1-page-39.htm},
	abstract = {L\&\#8217;Internet des Objets prend place dans notre quotidien mais de nombreux utilisateurs ne comprennent pas leurs relations et interactions avec ces objets. Nous partons de l\&\#8217;hypoth\&\#232;se que des repr\&\#233;sentations dynamiques et interactives du pouvoir d\&\#8217;agir des utilisateurs et de ces objets sont un moyen pour mieux comprendre de quoi ces dispositifs sont capables. Pour ce faire, nous concevons un dispositif de gestion des connaissances s\&\#233;curis\&\#233; et respectueux de la vie priv\&\#233;e dans l\&\#8217;environnement des objets connect\&\#233;s. Nous analyserons l\&\#8217;exemple d\&\#8217;un r\&\#233;frig\&\#233;rateur connect\&\#233; pour comprendre comment utiliser la Blockchain afin de d\&\#233;velopper des Innovations Sociales Num\&\#233;riques.},
	language = {fr},
	number = {1},
	urldate = {2020-06-11},
	journal = {Communication management},
	author = {Szoniecky, Samuel and Toumia, Amri},
	month = jun,
	year = {2020},
	note = {Publisher: ESKA},
	pages = {39--52},
	file = {Snapshot:/home/samszo/snap/zotero-snap/common/Zotero/storage/7EPAI3EZ/revue-communication-et-management-2020-1-page-39.html:text/html},
}

@article{szoniecky_pretopologie_2018,
	title = {Prétopologie et protection de la vie privée dans l’{Internet} des {Objets}},
	volume = {2},
	issn = {2514-8273},
	url = {https://www.openscience.fr/Pretopologie-et-protection-de-la-vie-privee-dans-l-Internet-des-Objets},
	doi = {10.21494/ISTE.OP.2018.0227},
	abstract = {L’article présente un moyen de représenter la vie privée à travers des diagrammes, ceci dans le cadre de l’Internet des Objets. En utilisant la prétopologie, nous étudions comment créer une organisation graphique et conceptuelle de la vie privée qui peut permettre son paramétrage par manipulation des éléments graphiques du diagramme. Dans la première partie de cet article, nous définissons ce qu’est la vie privée et nous évoquons des travaux importants qui traitent de ce sujet. Nous présentons, ensuite, quelques concepts de la prétopologie et nous détaillons l’intérêt de son utilisation pour notre modélisation. En deuxième partie, nous étudions la modélisation de la vie privée dans l’Internet des Objets en prenant comme exemple celui d’une montre intelligente. Nous concluons enfin en évoquant les futurs travaux à partir de cet article.},
	number = {Numéro 1},
	journal = {Internet des objets},
	author = {Szoniecky, Samuel and Toumia, Amri},
	year = {2018},
}

@article{szoniecky_2016_nodate,
	title = {2016 - {Generative} {Stein} {Poems}},
	url = {https://www.academia.edu/28638189/2016_-_Generative_Stein_Poems},
	abstract = {Stein poems are short fragments of text that refer to life in general. They evoke emotions, past, present, and future situations through a rich vocabulary, putting special attention to syntax and semantics of phrases. We present a hypertext},
	language = {en},
	urldate = {2020-01-18},
	author = {Szoniecky, Samuel and Balpe, Jean-Pierre and Reyes, Everardo},
	file = {Snapshot:/home/samszo/snap/zotero-snap/common/Zotero/storage/SC6QIG9V/2016_-_Generative_Stein_Poems.html:text/html},
}

@article{szoniecky_conception_2020,
	title = {Conception d’un crible pour mesurer collectivement les impacts écologiques de l’activité},
	volume = {Vol. 16},
	issn = {1622-1494},
	url = {https://www.cairn.info/revue-les-cahiers-du-numerique-2020-2-page-175.htm},
	abstract = {Cet article pr\&\#233;sente une m\&\#233;thode pour concevoir un dispositif g\&\#233;n\&\#233;rique de m\&\#233;trologie citoyenne que nous appelons crible et dont nous \&\#233;tudions la conception dans le contexte de l\&\#8217;\&\#233;cologie de l\&\#8217;activit\&\#233;, plus pr\&\#233;cis\&\#233;ment dans l\&\#8217;exemple de la consommation d\&\#8217;avocat. Cette conception s\&\#8217;appuie sur une mod\&\#233;lisation \&\#233;thique de l\&\#8217;activit\&\#233; faisant r\&\#233;f\&\#233;rence \&\#224; (Guattari, 1989\&\#160;; Deleuze, 1980\&\#160;; Groupe \&\#181; et al., 2016\&\#160;; Citton, 2010\&\#160;; Descola 2005, Berque, 2009) et s\&\#8217;appuyant sur les exigences qu\&\#8217;une telle d\&\#233;marche implique pour la gestion des donn\&\#233;es. Le crible en tant qu\&\#8217;interface entre objectivit\&\#233; et subjectivit\&\#233; offre une analogie op\&\#233;ratoire pour explorer les cons\&\#233;quences de l\&\#8217;activit\&\#233; \&\#224; partir d\&\#8217;un mod\&\#232;le simple d\&\#8217;\&\#233;criture et de lecture bas\&\#233;e sur la formule logique sujet \&\#8211; objet - pr\&\#233;dicat contrainte par l\&\#8217;ontologie \&\#233;thique\&\#160;: physicalit\&\#233;s, acteurs, concepts, rapports.},
	language = {fr},
	number = {2},
	urldate = {2021-11-06},
	journal = {Les Cahiers du numerique},
	author = {Szoniecky, Samuel},
	year = {2020},
	note = {Bibliographie\_available: 0
Cairndomain: www.cairn.info
Cite Par\_available: 0
Publisher: Lavoisier},
	pages = {175--199},
	file = {Snapshot:/home/samszo/snap/zotero-snap/common/Zotero/storage/H2JNNL4C/revue-les-cahiers-du-numerique-2020-2-page-175.html:text/html},
}

@article{leleu-merviel_metamorphoses_2019,
	title = {Métamorphoses et hybridations d’une archive numérique pour sa valorisation : vers des écosystèmes de connaissances},
	volume = {20},
	url = {http://europia.org/RIHM/V20N1/3-RIHM20V1-samszo.pdf},
	language = {en},
	number = {1},
	journal = {Journal of Human Mediated Interactions},
	author = {Szoniecky, Samuel},
	editor = {Leleu-Merviel, Sylvie and Zreik, Khaldoun},
	year = {2019},
	pages = {77--104},
	file = {Leleu-Merviel et al. - 2019 - Journal of Human Mediated Interactions.pdf:/home/samszo/snap/zotero-snap/common/Zotero/storage/VRKLUBAW/Leleu-Merviel et al. - 2019 - Journal of Human Mediated Interactions.pdf:application/pdf},
}

@article{ziku_reerua_2023,
	title = {Re:{ERUA} {CoCult}: {Towards} a participatory data governance for community heritage documentation},
	shorttitle = {Re},
	url = {https://zenodo.org/record/8180417},
	abstract = {Deliverables of the project "Communities οf Cultural CommonalIties of Paris and Mytilene [CoCult]", selected under the 2nd Open Call Research – External Stakeholder Collaboration of the Re-ERUA “Research and Engagement for the European Reform University Alliance”, linked to ERUA, the Alliance of European Reform Universities within the European Universities Initiative. Project CoCult’s main concept is to collaborate with the cultural commonalities of two international regions (Paris, France and Mytilene, Greece) in order to document their cultural identity. The accent is placed on intangible cultural heritage, such as traditions, performing arts, social practices, fashion, festive events, and cuisine. With the support of external stakeholders, representatives of the cultural commonalities will be engaged in activities that promote the documentation of their culture in participatory and open ways. The project’s goals are: - The adaptation of a methodology for participatory data governance on intangible cultural heritage elements of cultural commonalities - The participation of representatives of cultural commonalities in experimental activities, in order to promote their intangible cultural heritage - The use of digital tools that allow for engagement of the representatives of cultural commonalities and the alliance partners - The implementation of citizen-enhanced open science practices for interdisciplinary collaboration among different universities The deliverables here include: i) The presentations of the methodology and workshop presentation, and the interactive presentation using the Mentimeter tool, shared as Open Educational Resources (OER) 1. ReERUA CoCult- Presentation - Participatory Data Governance for Cultural Heritage 2. ReERUA CoCult-  Workshop Presentation - HistoryPin Activity 3. ReERUA CoCult- Mentimeter interactive presentation ii) 3 policy compliance documents: A Code of Conduct drawing from existing codes (cf. ACM, 2018; ALLEA, 2017) and including guidelines pertinent to research collaboration with communities/citizens in heritage-related settings. * An Open Science disposition document, drawing from the RE:ERUA Open Science Fundamental Course (Heber et al., 2022) and the 9-factor typology assessing the openness scope in citizen-science projects in cultural heritage under the term “citizen enhanced open science” (Zourou \& Ziku, 2022). The document aims to provide a stepwise approach to good practices in open science, including the creation of a sustainable and trustworthy cultural data repository. * A Participatory Data Governance framework, adjusting the methodology developed by the Ada Lovelace Institute that translated the 8 Ostrom’s principles for governing the commons to 23 design principles governing data (ALI, 2020; 2021). The document will adjust the Ada framework in order to specifically address collaboration with communities/citizens in research settings of cultural data governance. 4. ReERUA CoCult- Code of Conduct 5. ReERUA CoCult- Citizen Enhanced Open Science mapping 6. ReERUA CoCult- Participatory Data Governance mapping iii) The project's dataset, report and program: 7. CoCult CSV dataset - Intangible Cultural Heritage testimonies by community members 8. ReERUA CoCult- report ReERUA CoCult- PROGRAM LESVOS\_12-13\_07\_2023 The alliance partners involved in the collaboration are: a) University of Aegean, Department of Cultural Informatics, Intelligent Systems Lab, scientific director George Caridakis (associate professor). b) Université Paris 8 Vincennes-Saint-Denis, Department of Digital Humanities, Lab. Paragraphe, scientific director Samuel Szoniecky (associate professor) and Everardo Reyes (full professor). Included external stakeholders are: a)Iliaktida AMKE Civil Non-Profit Company (Greece) b)Centre numérique d’innovation sociale (CNIS) Université Paris (France) The project is funded within the Horizon2020 project Research and Engagement for the European Reform University Alliance [ID: 101035808], under the Work Package "Innovation and Societal Engagement, which aim is to drive ERUA to foster the engagement for Responsible Research and Innovation (RRI) of all sectors’ organizations and citizens through good governance, mutual learning, agreed practices and multi-actor and public engagement initiatives in research and innovation.},
	urldate = {2023-08-30},
	author = {Ziku, Mariana and Michalakis, Konstantinos and Caridakis, George and Konstadakis, Markos and Trichopoulos, George and Reyes, Everardo and Szoniecky, Samuel and Dupret, Katia and Eschweiler, Jennifer},
	month = jun,
	year = {2023},
	note = {Publisher: Zenodo},
	keywords = {citizen enhanced open science, community heritage, cultural heritage, European Reform University Alliance, open access, participatory data governance},
	file = {Zenodo Full Text PDF:/home/samszo/snap/zotero-snap/common/Zotero/storage/BUG4AKGA/Ziku et al. - 2023 - ReERUA CoCult Towards a participatory data gover.pdf:application/pdf},
}

@article{desfriches_doria_les_2022,
	title = {Les enjeux de la culture numérique : des habitus de réception à la réflexivité numérique},
	volume = {5},
	issn = {2779-1106},
	shorttitle = {Les enjeux de la culture numérique},
	url = {https://www.cairn.info/revue-approches-theoriques-en-information-communication-2022-2-page-5.htm},
	doi = {10.3917/atic.005.0005},
	language = {fr},
	number = {2},
	urldate = {2022-12-14},
	journal = {Approches Théoriques en Information-Communication (ATIC)},
	author = {Desfriches Doria, Orélie and Szoniecky, Samuel},
	year = {2022},
	note = {Publisher: DICEN IdF},
	pages = {5--10},
	file = {Snapshot:/home/samszo/snap/zotero-snap/common/Zotero/storage/S88KI9C2/revue-approches-theoriques-en-information-communication-2022-2-page-5.html:text/html;Texte intégral:/home/samszo/snap/zotero-snap/common/Zotero/storage/Q6TQ52HF/Desfriches Doria et Szoniecky - 2022 - Les enjeux de la culture numérique  des habitus d.pdf:application/pdf},
}
