
@phdthesis{szoniecky_evaluation_2012,
	type = {Science de l'information et de la communication},
	title = {Évaluation et conception d'un langage symbolique pour l'intelligence collective : {Vers} un langage allégorique pour le {Web}},
	shorttitle = {Évaluation et conception d'un langage symbolique pour l'intelligence collective},
	url = {http://tel.archives-ouvertes.fr/tel-00764457},
	urldate = {2012-12-13},
	school = {Université Paris VIII Vincennes-Saint Denis},
	author = {Szoniecky, Samuel},
	month = dec,
	year = {2012},
	file = {Snapshot:/home/samszo/snap/zotero-snap/common/Zotero/storage/XKKBITT7/tel-00764457.html:text/html},
}
