
@misc{szoniecky_generation_2015,
	type = {Billet},
	title = {Génération automatique de textes},
	url = {https://socioargu.hypotheses.org/5037},
	abstract = {Samuel Szoniecky, Hakim Hachour Université Paris VIII – Laboratoire Paragraphe La génération automatique est intimement liée à l’usage de l’informatique. Nous l’expérimentons à la moindre frappe sur nos claviers, au moindre clic sur nos écrans. L’informatique nous permet de générer à partir d’un geste très simple : une lettre sur l’écran, une page web qui s’affiche, […]},
	language = {fr-FR},
	urldate = {2023-07-17},
	journal = {Socio-informatique et argumentation},
	author = {Szoniecky, Samuel and Hachour, Hakim},
	month = may,
	year = {2015},
	file = {Snapshot:/home/samszo/snap/zotero-snap/common/Zotero/storage/JTHGHSCX/5037.html:text/html},
}

@misc{quach_litte_bot_2022,
	type = {Billet},
	title = {{LITTE}\_BOT, un robot conversationnel pour dialoguer avec des œuvres littéraires, des personnages ou leur auteur},
	url = {https://bnf.hypotheses.org/12976},
	abstract = {Projet financé par l’EUR ArtTec1, le projet LITTE\_BOT est expliqué par ses concepteurs. L’idée est née de la rencontre entre Joël Huthwohl, directeur du département des Arts du spectacle de la BnF et l’artiste Rocio...},
	language = {fr-FR},
	urldate = {2023-12-24},
	journal = {Carnet de la recherche à la Bibliothèque nationale de France},
	author = {Quach, Cécile and Pappa, Anna and Berenguer, Rocio and Szoniecky, Samuel and Huthwohl, Joël and Dendievel, Hugo and Laborderie, Arnaud},
	month = sep,
	year = {2022},
	file = {Snapshot:/home/samszo/snap/zotero-snap/common/Zotero/storage/UAJHK7LA/12976.html:text/html},
}
