
@inproceedings{szoniecky_knowledge_2019,
	address = {Heraklion, Crete, Greece},
	title = {Knowledge {Design} in the {Internet} of {Things}: {Blockchain} and {Connected} {Refrigerator}:},
	isbn = {978-989-758-369-8},
	shorttitle = {Knowledge {Design} in the {Internet} of {Things}},
	url = {http://www.scitepress.org/DigitalLibrary/Link.aspx?doi=10.5220/0007751703990407},
	doi = {10.5220/0007751703990407},
	urldate = {2019-06-28},
	booktitle = {Proceedings of the 4th {International} {Conference} on {Internet} of {Things}, {Big} {Data} and {Security}},
	publisher = {SCITEPRESS - Science and Technology Publications},
	author = {Szoniecky, Samuel and Toumia, Amri},
	year = {2019},
	pages = {399--407},
}

@inproceedings{szoniecky_blockchain_2018,
	address = {MSH Paris Nord},
	series = {{DTUC} '18},
	title = {Blockchain et intelligence collective pour le design des connaissances de l’internet des objets : modélisation du pouvoir d’agir des objets connectés},
	isbn = {978-1-4503-6451-5},
	shorttitle = {Blockchain {Et} {Intelligence} {Collective} {Pour} {Le} {Design} {Des} {Connaissances} {De} {L}'{Internet} {Des} {Objets}},
	url = {http://doi.acm.org/10.1145/3240117.3240137},
	doi = {10.1145/3240117.3240137},
	abstract = {Cet article est une réponse prospective aux besoins de l'Internet des Objets en termes de simplicité d'utilisation, de gestion de la sécurité et de préservation de la vie privée. Nous proposons de satisfaire ces besoins à travers une plateforme d'intelligence collective utilisant des cartographies sémantiques en réalité augmentées pour récolter les interactions des utilisateurs avec des objets connectés. L'association de l'intelligence collective et des cartographies sémantiques permet d'envisager un design de connaissances où les capacités d'action des objets connectés sont facilement compréhensibles et modifiables par les utilisateurs. Dans ce dispositif, les technologies de blockchain sont utilisées pour partager en sécurité l'expression des utilisateurs et ainsi augmenter la confiance dans l'Internet des Objets et par la même contribuer au développement d'une réflexivité collective sur les usages de ces écosystèmes sociotechniques.},
	urldate = {2018-10-14},
	booktitle = {Proceedings of the 1st {International} {Conference} on {Digital} {Tools} \& {Uses} {Congress}},
	publisher = {ACM},
	author = {Szoniecky, Samuel},
	year = {2018},
	keywords = {blockchain, Collective intelligence, digital social innovation, Internet Of Thing, power to act},
	pages = {16:1--16:6},
}

@book{reyes_dtuc_2018,
	address = {New York, NY, USA},
	title = {{DTUC} '18: {Proceedings} of the 1st {International} {Conference} on {Digital} {Tools} \& {Uses} {Congress}},
	isbn = {978-1-4503-6451-5},
	shorttitle = {{DTUC} '18},
	abstract = {The first international Digital Tools \& Uses Congress is a multidisciplinary conference devoted to study the uses and development of digital tools. It aims at assembling five interrelated symposia: 1) Web Studies1, 2) Challenges of IoT, 3) Recommender systems, 4) Archives and social networks, and 5) Digital Frontiers. The intention of this consortium is to approach a common object of study from different perspectives in order to enrich the discussion and collaboration between participants.},
	publisher = {ACM},
	editor = {Reyes, E. and Szoniecky, S. and Mkadmi, A. and Kembellec, G. and Fournier-S'niehotta, R. and Siala-Kallel, F. and Ammi, M. and Labelle, S.},
	year = {2018},
}

@incollection{szoniecky_ethical_2018,
	address = {Hoboken, NJ},
	title = {Ethical {Modeling} of the {Internet} of {Things}},
	isbn = {978-1-78630-361-5},
	language = {Anglais},
	booktitle = {Challenges of the {Internet} of {Things}: {Technique}, {Use}, {Ethics}},
	publisher = {ISTE Ltd},
	author = {Szoniecky, Samuel},
	month = sep,
	year = {2018},
	pages = {215 -- 243},
}

@inproceedings{meunier_ontology-based_2018,
	address = {Kyoto, Japan},
	title = {An ontology-based enriched ebook for teaching statistics},
	url = {https://hal-univ-paris8.archives-ouvertes.fr/hal-01841292},
	abstract = {With the development of Internet and the use of digital pedagogy, the production of open educational resources grows very quickly. Sharing these resources has become a major challenge both from an economic point of view, but also for the dissemination and sharing of practices among teachers. The problematics are psychologic (help for learning), ergonomic (usability, acceptability) but also documentary (reuse resources) and editorial (enhancement of digital archives). Based on an ontology developed by University of Oxford and translated in French, we developed a digital archive of open educational resources for teaching statistics. We present and discuss e-book enrichment scenarios in undergraduate statistics courses. We present how this ontology-based approach allows thinking enriched e-books as an adaptive and collaborative learning device. INTRODUCTION Teaching statistics requires the coordination of a functioning logic (the theoretical basis of statistics) and a use logic (what test to choose and how to implement it concretely). The first presupposes the acquisition of a very abstract knowledge, the second presupposes the very fine particularization of this knowledge (Richard, 1983). This coordination is based on the structure of knowledge, in particular the organization of concepts and their properties. These properties can be structural or functional (procedural-related). For example, knowing which properties a sample must have in order to be able to apply a parametric test is the first logical aspect. Knowing how to structure a data table according to the software used, or how to adapt the procedure depending on whether you are working on individual data or a distribution, is a matter of the second. This articulation of knowledge and know-how through the structure of knowledge offers a formalization of the notion of competencies (Paquette, 2007) and at the same time offers ways to develop a logical chain of learning. Above all, it makes it possible to design new types of teaching materials that make it possible to break away from strict linearity of reading and thus offer its adaptability to the diversity of learners and situations in which teaching resources are consulted. It is this possibility that we propose to explore in this article.},
	urldate = {2018-07-27},
	booktitle = {{ICOTS} 10, 10 th {International} {Conference} on {Teaching} {Statistics}},
	author = {Meunier, Jean-Marc and Szoniecky, Samuel},
	month = jul,
	year = {2018},
	file = {HAL PDF Full Text:/home/samszo/snap/zotero-snap/common/Zotero/storage/9ZV3JZVP/Meunier et Szoniecky - 2018 - AN ONTOLOGY-BASED ENRICHED EBOOK FOR TEACHING STAT.pdf:application/pdf},
}

@book{saleh_challenges_2018,
	address = {Hoboken, NJ},
	title = {Challenges of the {Internet} of {Things}: {Technique}, {Use}, {Ethics}},
	isbn = {978-1-78630-361-5},
	shorttitle = {Challenges of the {Internet} of {Things}},
	language = {Anglais},
	publisher = {ISTE Ltd},
	author = {Saleh, Imad and Ammi, Mehdi and Szoniecky, Samuel},
	month = sep,
	year = {2018},
}

@inproceedings{bootz_toward_2008,
	address = {Bergen},
	title = {Toward an {Ontology} of the {Field} of {Digital} {Poetry}},
	author = {Bootz, Philippe and Szoniecky, Samuel},
	year = {2008},
}

@inproceedings{szoniecky_jardin_2009,
	address = {Conservatoire National des Arts et Métiers, Paris},
	title = {Le jardin des connaissances},
	author = {Szoniecky, Samuel},
	month = nov,
	year = {2009},
}

@unpublished{bootz_entity_2009,
	title = {Entity / {Identity}},
	url = {http://archivesic.ccsd.cnrs.fr/sic_00603588},
	abstract = {l'article montre l'impact du phénomène de labilité sur les productions numériques, impact qui rend inopérantes les solutions de préservations utilisées par les musées pour préserver les installations numériques. Il propose alors une alternative fondée sur un modèle ontologique de l'oeuvre numérique qui sur la conception ontologique de Spinoza interprétée par Deleuze. L'article montre que cette ontologie est compatible avec le dispositif de communication créé par l'oeuvre. Ce modèle aboutit à une définition de l'oeuvre comme pouvoir d'agir. Ce modèle est enfin utilisé pour concevoir un outil d'indexation des oeuvres.},
	author = {Bootz, Philippe and Szoniecky, Samuel and Bargaoui, Abderrahim},
	year = {2009},
	keywords = {ontologie, indexation, modèle procédural, poésie numérique, médias instables},
}

@inproceedings{szoniecky_langage_2011,
	address = {Hammamet, Tunisie},
	title = {Le langage du {Web} du symbolique à l'allégorique, vers une représentation de la connaissance en train de se faire},
	shorttitle = {Le langage du {Web} du symbolique à l'allégorique},
	booktitle = {{ISKO} - {Magreb} 2011},
	author = {Szoniecky, Samuel},
	month = may,
	year = {2011},
}

@inproceedings{szoniecky_monades_2014,
	address = {Nantes},
	title = {Monades pour une éthique des écosystèmes d'information numériques},
	url = {https://hal-univ-paris8.archives-ouvertes.fr/hal-01070113/document},
	abstract = {La modélisation d'une existence dans un écosystème d'information pose un problème éthique. En référence aux travaux philosophiques de Gilles Deleuze sur l'Ethique de Spinoza et aux propositions de matrices ontologiques de Philippe Descola, nous proposons la modélisation des existences sous la forme d'une monade et le calcul d'un Indice de Complexité Existentiel (ICE). En insistant sur la limitation des machines au domaine du symbolique, nous montrons que la machine offre une potentialité éthique mais que seul l'humain et capable d'un choix éthique.},
	language = {fr},
	urldate = {2015-02-02},
	author = {Szoniecky, Samuel and Hachour, Hakim},
	year = {2014},
	note = {La modélisation d'une existence dans un écosystème d'information pose un problème éthique. En référence aux travaux philosophiques de Gilles Deleuze sur l'Ethique de Spinoza et aux propositions de matrices ontologiques de Philippe Descola, nous proposons la modélisation des existences sous la forme d'une monade et le calcul d'un Indice de Complexité Existentiel (ICE). En insistant sur la limitation des machines au domaine du symbolique, nous montrons que la machine offre une potentialité éthique mais que seul l'humain et capable d'un choix éthique.},
	file = {Full Text PDF:/home/samszo/snap/zotero-snap/common/Zotero/storage/AQMSXTDC/Szoniecky et Hachour - Monades pour une éthique des écosystèmes d'informa.pdf:application/pdf;Snapshot:/home/samszo/snap/zotero-snap/common/Zotero/storage/XQ2RITNH/hal-01070113.html:text/html},
}

@inproceedings{szoniecky_role_2012,
	address = {Prague, Czech Republic},
	title = {The role of semantic topology in sensmaking processes : adressing challenges of indexing with metalanguages},
	url = {http://www.ksi.mff.cuni.cz/ejc/},
	booktitle = {22nd {European}-{Japanese} {Conference} on  {Information} {Modeling} and {Knowledge} {Bases}},
	author = {Szoniecky, Samuel and Hachour, Hakim and Bouhai, Nasreddine},
	month = jun,
	year = {2012},
	pages = {pp. 244-- 257},
}

@incollection{szoniecky_gevu_2012,
	address = {Paris},
	title = {{GEVU} : un outil pour territorialiser les usages de la ville},
	isbn = {2-909285-70-7},
	booktitle = {O1 {Design}.8 : {Echelles}, {Espaces}, {Temps}},
	publisher = {Productions Europia},
	author = {Szoniecky, Samuel and Folcher, Viviane and Bodin, Franck and Zreik, Khaldoun},
	year = {2012},
	pages = {45--62},
}

@incollection{francois_les_2012,
	series = {Local \& {Global}},
	title = {Les frontières des écosystèmes d'informations numériques},
	isbn = {2-336-00823-8},
	booktitle = {Geoartistique et géopolitique frontieres},
	publisher = {L'Harmattan},
	author = {Szoniecky, Samuel},
	editor = {François, Soulages},
	month = dec,
	year = {2012},
	pages = {pp. 65--76},
}

@inproceedings{szoniecky_les_2012,
	address = {Tunis, Tunisie},
	title = {Les petites bibliothèques dans l’écosystème d’information mondiale},
	isbn = {979-10-900094-10-9},
	booktitle = {Métiers de l'information, des bibliothèques et des archives},
	publisher = {Europia},
	author = {Szoniecky, Samuel and Yacoub, Claude},
	editor = {Mkadmi, Abderrazak and Zreik, Khaldoun},
	month = nov,
	year = {2012},
	pages = {pp. 131--144},
}

@inproceedings{szoniecky_design_2010,
	address = {Paris},
	title = {Design d’information pour une pédagogie de l’ontologie},
	isbn = {2-909285-70-7},
	booktitle = {O1 {Design}.7 : {Conception} assistée par concepteur},
	publisher = {Productions Europia},
	author = {Szoniecky, Samuel},
	month = may,
	year = {2010},
	pages = {pp. 181--192},
}

@inproceedings{szoniecky_agent_2010,
	address = {Toulouse},
	title = {Agent ontologique pour la veille des écosystèmes d'information},
	url = {http://atlas.irit.fr/PIE/VSST/Actes_VSST_2010_Toulouse/Session%207%20-%20Ontologies/SZONIECKY.pdf},
	booktitle = {Veille {Stratégique} {Scientifique} \& {Technologique} {Systèmes} d'information élaborée, {Bibliométrie}},
	author = {Szoniecky, Samuel},
	year = {2010},
	pages = {12 pages},
}

@article{szoniecky_generateur_2012,
	title = {Générateur hypertextuel pour l'interprétation des médias sociaux dans une topologie sémantique},
	volume = {Vol. 7, Empreintes de l’hypertexte sous la direction de Caroline Angé},
	copyright = {© Lavoisier},
	issn = {1622-1494},
	url = {http://lcn.revuesonline.com/article.jsp?articleId=17695},
	language = {fr},
	number = {3},
	urldate = {2012-10-19},
	journal = {Les Cahiers du numérique},
	author = {Szoniecky, Samuel and Hachour, Hakim and Bouhai, Nasreddine},
	month = sep,
	year = {2012},
	pages = {93--121},
	file = {Snapshot:/home/samszo/snap/zotero-snap/common/Zotero/storage/9KRWCZ4A/revue-les-cahiers-du-numerique-2011-3-page-93.html:text/html},
}

@inproceedings{szoniecky_proposition_2011,
	address = {Bordeaux},
	title = {Proposition d'une méthode graphique pour le filtrage des flux d'information},
	url = {http://www.sfsic.org/%C3%A9v%C3%A9nements-sfsic/doctorales-2011/doctorales-2011--publication-des-actes},
	booktitle = {Doctorales {SFIC} 2011, {Problématisation} et méthodologie de recherche},
	author = {Szoniecky, Samuel},
	year = {2011},
}

@book{szoniecky_collective_2017,
	edition = {1},
	title = {Collective {Intelligence} and {Digital} {Archives}: {Towards} {Knowledge} {Ecosystems}},
	shorttitle = {Collective {Intelligence} and {Digital} {Archives}},
	abstract = {The first chapter of this book describes the problems of collective intelligence and its use in the context of digital archives. The other chapters then present different points of views on these issues by describing and analyzing concrete examples of use of collective intelligence to the benefit of digital archives. The digitalization of archives produces a huge mass of structured documents (Big Data). Due to the proactive approach of public institutions (libraries, archives, administrations ...), this data is more and more accessible. This book aims to present and analyze concrete examples of collective intelligence at the service of digital archives.},
	language = {Anglais},
	publisher = {Wiley-ISTE},
	author = {Szoniecky, Samuel and BouhaÏ, Nasreddine},
	month = jan,
	year = {2017},
}

@inproceedings{hachour_impact_2006,
	address = {Université du Sud Toulon Var},
	title = {Impact des {TIC} sur la visibilité des {SIC} à l’international : analyses sémantiques d’un corpus de communiqués diplomatiques},
	author = {Hachour, Hakim and Szoniecky, Samuel},
	month = may,
	year = {2006},
}

@article{laborderie_cultiver_2015,
	title = {Cultiver son jardin numérique : métaphore et dispositifs éditoriaux},
	volume = {4},
	shorttitle = {Cultiver son jardin numérique},
	url = {https://hal-bnf.archives-ouvertes.fr/hal-01258307/document},
	abstract = {L’analogie du jardin peut-elle nous aider à comprendre le concept « cultiver le numérique » ? Dans cet article sous la forme d’un entretien avec Pascal Robert, nous faisons l’hypothèse, à partir de fondements historiques et épistémologiques, que la culture numérique se déploie dans des écosystèmes d’information. Nous en examinons la pertinence en termes d’usages, de dispositifs et d’interfaces à l’aide d’exemples, et notamment : le « jardin » dans l’édition numérique enrichie de Candide publiée par la BNF et Orange, un livre hybride sous la forme d’une application iPad et d’un site web ; le « jardin des connaissances », une plateforme numérique pour l’ingénierie des connaissances et le développement des humanités numériques.},
	language = {fr},
	number = {3},
	urldate = {2016-05-19},
	journal = {Interfaces numériques},
	author = {Laborderie, Arnaud and Szoniecky, Samuel},
	month = dec,
	year = {2015},
	pages = {351--368},
	file = {Full Text PDF:/home/samszo/snap/zotero-snap/common/Zotero/storage/MQJ9ITSF/Laborderie et Szoniecky - 2015 - Cultiver son jardin numérique  métaphore et dispo.pdf:application/pdf;Snapshot:/home/samszo/snap/zotero-snap/common/Zotero/storage/595FJ7ZV/hal-01258307.html:text/html},
}

@incollection{szoniecky_digital_2016,
	address = {Paris},
	edition = {Europia},
	title = {Digital monads for a spatio-temporal modeling of urban humanities},
	isbn = {979-10-90094-22-2},
	booktitle = {City {Temporalities}},
	author = {Szoniecky, Samuel and Saleh, Imad and Laborderie, Arnaud},
	editor = {Zreik, Khaldoun and Laudati, Patrizia},
	year = {2016},
}

@inproceedings{szoniecky_dictionnaires_2013,
	address = {Ghardaïa, Algeria},
	title = {Dictionnaires de catégories pour la génération automatique de proverbes : vers une économie sémantique de l'interprétation},
	shorttitle = {Dictionnaires de catégories pour la génération automatique de proverbes},
	url = {https://hal-univ-paris8.archives-ouvertes.fr/hal-01098427},
	abstract = {Dans le cadre du projet GAPAÏ financé par le labex Arts-H2H, nous développons une plate forme pour l'évaluation socio-cognitive des réseaux sociaux. Cette plate forme utilise un générateur automatique de texte pour produire des proverbes que l'on soumet aux utilisateurs des réseaux sociaux afin d'observer l'interprétation qu'ils en font.
Pour que ces observations puissent servir à une analyse socio-cognitive précise des réseaux sociaux, il est nécessaire de générer des textes et récolter des interprétations dont la sémantique est finement contrôlable suivant des critères économiques de base : où, quand, qui, combien, viable, juste... Pour ce faire, une des questions cruciales et celle de la catégorisation, tant au niveau de la génération des textes et de l'interprétation de ceux-ci que des analyses qui en découlent. Face à ces problèmes, on peut s'interroger sur l'utilité des dictionnaires. En fournissant des règles précises de catégorisation, les dictionnaires permettent-ils de constituer les bases d'une économie sémantique ? Celle-ci peut-elle servir pour piloter la génération de texte et analyser leurs interprétations et par là même être un outil pédagogique pour l'apprentissage des langues ?},
	urldate = {2016-05-05},
	booktitle = {La {Néologie}, les corpus informatisés et les processus d’élaboration des langues de moindre diffusion},
	author = {Szoniecky, Samuel},
	month = nov,
	year = {2013},
	keywords = {dictionnaires, économie sémantique, générateur automatique, outil pédagogique},
	file = {HAL Snapshot:/home/samszo/snap/zotero-snap/common/Zotero/storage/M83BDVMK/hal-01098427.html:text/html},
}

@incollection{szoniecky_interpreter_2015,
	address = {Paris},
	title = {Interpréter la voix de {Deleuze}. {Exemple} de jardinage des connaissances},
	isbn = {978-2-8130-0177-1},
	booktitle = {Frontières d'archives {Recherches}, mémoires, savoirs},
	publisher = {Editions des archives contemporaines},
	author = {Szoniecky, Samuel},
	editor = {Bert, Jean-François and Ratcliff, Marc J.},
	year = {2015},
	pages = {165--177},
}

@phdthesis{szoniecky_evaluation_2012,
	type = {Science de l'information et de la communication},
	title = {Évaluation et conception d'un langage symbolique pour l'intelligence collective : {Vers} un langage allégorique pour le {Web}},
	shorttitle = {Évaluation et conception d'un langage symbolique pour l'intelligence collective},
	url = {http://tel.archives-ouvertes.fr/tel-00764457},
	urldate = {2012-12-13},
	school = {Université Paris VIII Vincennes-Saint Denis},
	author = {Szoniecky, Samuel},
	month = dec,
	year = {2012},
	file = {Snapshot:/home/samszo/snap/zotero-snap/common/Zotero/storage/XKKBITT7/tel-00764457.html:text/html},
}

@misc{noauthor_samuel_nodate,
	title = {Samuel {Szoniecky} - {Enseignant} {Chercheur} - {La} chance du sens},
	url = {http://www.samszo.univ-paris8.fr/},
	urldate = {2016-02-17},
	file = {Samuel Szoniecky - Enseignant Chercheur - La chance du sens:/home/samszo/snap/zotero-snap/common/Zotero/storage/E4I889N6/www.samszo.univ-paris8.fr.html:text/html},
}

@inproceedings{szoniecky_outillages_2015,
	address = {Hammamet, Tunisie},
	title = {Outillages numériques pour les humanités : cartographier des réseaux d’influences},
	shorttitle = {Outillages numériques pour les humanités : cartographier des réseaux d’influences},
	abstract = {Cet article présente les outils numériques utilisés pour cartographier des réseaux d’influences entre littérature et biologie au XIXe siècle. Dans le cadre du projet ANR Biolographes réunissant des chercheurs français et allemands, nous avons testé des outils existants et développé un prototype d’application Web pour la modélisation des influences. Les expérimentations ont montré l’utilité des outils existants pour rapidement constituer des données et les explorer à travers de visualisations cartographiques. Mais pour optimiser l’expression, la diffusion et l’interopérabilité des interprétations faite par les chercheurs, nous avons développé un prototype pour modéliser des points de vue sous la forme de monades numériques.},
	booktitle = {{ISKO} - {Magreb} 2015},
	author = {Szoniecky, Samuel and Louâpre, Muriel},
	month = nov,
	year = {2015},
}

@inproceedings{szoniecky_ecosysteme_2014,
	address = {Cotonou, Bénin},
	title = {Écosystème d'information pour la création, l'édition et l'évaluation de ressources pédagogiques numériques},
	url = {https://hal-univ-paris8.archives-ouvertes.fr/hal-01098509/document},
	abstract = {Cet article présente une modélisation de l'écosystème du numérique éducatif et les problématiques associées à son développement. Pour répondre à ces questions, nous décrivons un atelier laboratoire CreaTIC qui propose un protocole expérimental pour concevoir, éditer et évaluer des ressources pédagogique numérique (RPN).},
	language = {fr},
	urldate = {2015-02-02},
	author = {Szoniecky, Samuel},
	year = {2014},
	note = {Cet article présente une modélisation de l'écosystème du numérique éducatif et les problématiques associées à son développement. Pour répondre à ces questions, nous décrivons un atelier laboratoire CreaTIC qui propose un protocole expérimental pour concevoir, éditer et évaluer des ressources pédagogique numérique (RPN).},
	file = {Full Text PDF:/home/samszo/snap/zotero-snap/common/Zotero/storage/T73N5GB8/Szoniecky - Écosystème d'information pour la création, l'éditi.pdf:application/pdf;Snapshot:/home/samszo/snap/zotero-snap/common/Zotero/storage/P6GTSBHN/hal-01098509v1.html:text/html},
}

@inproceedings{szoniecky_tweet_2012,
	address = {Université de Lorraine},
	title = {Tweet {Palette} : cartographie sémantique pour l'interprétation d'un événement},
	shorttitle = {Tweet {Palette}},
	url = {https://hal-univ-paris8.archives-ouvertes.fr/hal-01098442/document},
	abstract = {Nous présentons dans cet article des hypothèses théoriques et pratiques de conception d’un outil Web pour l’interprétation d’un événement. Nous nous inspirons des propositions de Gilles Deleuze à travers son interprétation de Spinoza (Deleuze, 1968, 1980 et 2001), du modèle des Appareils de Capture Sémantique (Zacklad, 2010) et des principes de l’adressage conceptuel de Pierre Lévy (Lévy, 2011). Ces hypothèses sont illustrées par des exemples issus du Web et mises en application dans le développement d'une application Web permettant à un utilisateur de mettre en relation des documents et des concepts par l’intermédiaire d'une cartographie sémantique.},
	language = {fr},
	urldate = {2015-03-11},
	author = {Szoniecky, Samuel},
	month = oct,
	year = {2012},
	pages = {15},
	file = {Full Text PDF:/home/samszo/snap/zotero-snap/common/Zotero/storage/43AFKSM9/Szoniecky - Tweet Palette  cartographie sémantique pour l'int.pdf:application/pdf;Snapshot:/home/samszo/snap/zotero-snap/common/Zotero/storage/CZFXK8Z9/hal-01098442v1.html:text/html},
}

@book{ihadjadene_classifications_2013,
	title = {Classifications et dispositifs informationnels},
	isbn = {978-2-271-07889-6},
	url = {https://hal-univ-paris8.archives-ouvertes.fr/hal-01098424},
	abstract = {Le Web offre actuellement au grand public une coexistence des modes d’accès à l’information les plus diversifiés (index, thésaurus, ontologies, listes d’autorité, folksonomies, classifications hiérarchiques, classifications à facettes). Après un rappel sur l’usage des classifications comme outil d’accès et de navigation, nous discuterons des approches privilégiant une organisation thématique des résultats. Nous examinerons ensuite l’apport des cartographies de l’information pour l’exploration et la modélisation des points de vue sur un corpus documentaire.},
	language = {fr},
	urldate = {2015-03-05},
	author = {Ihadjadène, Madjid and Szoniecky, Samuel and Kembellec, Gérald},
	month = aug,
	year = {2013},
	file = {Snapshot:/home/samszo/snap/zotero-snap/common/Zotero/storage/FZSUAWEK/hal-01098424.html:text/html},
}

@incollection{beloued_studio_2016,
	title = {Studio {Campus} {AAR}: {A} {Semantic} {Platform} for {Analyzing} and {Publishing} {Audiovisual} {Corpuses}},
	isbn = {978-1-78630-060-7},
	booktitle = {Collective intelligence and digital archives},
	publisher = {ISTE Ltd/John Wiley and Sons Inc},
	author = {Beloued, Abdelkrim and Stockinger, Peter and Lalande, Steffen},
	editor = {Szoniecky, Samuel and Bouhai, Nasreddine},
	year = {2016},
}

@book{szoniecky_ecosysteme_2017,
	title = {Écosystème de connaissances :  méthode de modélisation et d’analyse de l’information et de la communication},
	isbn = {978-1-78405-334-5},
	publisher = {ISTE Editions},
	author = {Szoniecky, Samuel},
	year = {2017},
}

@incollection{bornes-varol_jeux_2018,
	edition = {Editions Universitaires de Lorraine},
	series = {Aliento},
	title = {Jeux d'interprétations collectives pour cartographier les influences sapientielles},
	isbn = {978-2-8143-0320-1},
	url = {http://www.lcdpu.fr/livre/?GCOI=27000100976800&fa=details},
	abstract = {Aliento N°9 - Ascendance et Postérité de corpus de sagesse arabe et juive en Europe et en Méditerranée, Le Comptoir des presses d'universités  (fiche technique)},
	language = {FR},
	number = {9},
	urldate = {2018-02-23},
	booktitle = {Aliento {N}°9 - {Ascendance} et {Postérité} de corpus de sagesse arabe et juive en {Europe} et en {Méditerranée}},
	publisher = {Presses universitaires de Nancy},
	author = {Szoniecky, Samuel},
	editor = {Bornes-Varol, Marie-Christine and Ortola, Marie-Sol},
	year = {2018},
}

@incollection{louapre_outils_2017,
	edition = {Systèmes d'information, web et société},
	title = {Outils pour une modélisation de l’interprétation des archives numériques},
	isbn = {978-1-78405-255-3},
	booktitle = {Intelligence collective et archives numériques},
	publisher = {ISTE éditions},
	author = {Louâpre, Muriel and Szoniecky, Samuel},
	editor = {Saleh, Imad},
	year = {2017},
}

@book{szoniecky_collective_2016,
	address = {Hoboken, NJ},
	title = {Collective intelligence and digital archives},
	isbn = {978-1-78630-060-7},
	publisher = {ISTE Ltd/John Wiley and Sons Inc},
	author = {Szoniecky, Samuel and Bouhai, Nasreddine},
	year = {2016},
}

@book{szoniecky_intelligence_2017,
	edition = {Systèmes d'information, web et société},
	title = {Intelligence collective et archives numériques},
	isbn = {978-1-78405-255-3},
	publisher = {ISTE éditions},
	author = {Szoniecky, Samuel and Bouhaï, Nasreddine},
	editor = {Saleh, Imad},
	year = {2017},
}

@book{szoniecky_ecosystems_2018,
	title = {Ecosystems {Knowledge}: {Modeling} and {Analysis} {Method} for {Information} and {Communication}},
	isbn = {978-1-78630-064-5},
	shorttitle = {Ecosystems {Knowledge}},
	language = {Anglais},
	publisher = {Wiley-Iste},
	author = {Szoniecky, Samuel},
	month = sep,
	year = {2018},
}

@article{szoniecky_modelisation_2017,
	title = {Modélisation éthique de l’{Internet} des {Objets}},
	volume = {2},
	issn = {2514-8273},
	url = {http://www.openscience.fr/Modelisation-ethique-de-l-Internet-des-Objets},
	doi = {10.21494/ISTE.OP.2017.0148},
	abstract = {L’article présente les principes théoriques et graphiques pour une modélisation éthique de l’internet des Objets. Ces principes sont appliqués à la modélisation des points de vue du parlement européen sur la question des règles de droits civiles pour la robotique. Plus particulièrement, nous montrons comment récolter des données brutes pour la modélisation d’existences informationnelles dans un écosystème de connaissances. En conclusion nous nous interrogeons sur la viabilité d’une signalétique pour évaluer l’éthique des objets connectés et sur les travaux qu’ils restent à mener pour y parvenir.},
	number = {Numéro 2},
	journal = {Internet des objets},
	author = {Szoniecky, Samuel and Safin, Stéphane},
	year = {2017},
}

@article{szoniecky_design_2020,
	title = {Design de connaissances dans l’{Internet} des {Objets} : {Blockchain} et réfrigérateur connecté},
	volume = {Vol. 17},
	issn = {2269-7195},
	shorttitle = {Design de connaissances dans l’{Internet} des {Objets}},
	url = {https://www.cairn.info/revue-communication-et-management-2020-1-page-39.htm},
	abstract = {L\&\#8217;Internet des Objets prend place dans notre quotidien mais de nombreux utilisateurs ne comprennent pas leurs relations et interactions avec ces objets. Nous partons de l\&\#8217;hypoth\&\#232;se que des repr\&\#233;sentations dynamiques et interactives du pouvoir d\&\#8217;agir des utilisateurs et de ces objets sont un moyen pour mieux comprendre de quoi ces dispositifs sont capables. Pour ce faire, nous concevons un dispositif de gestion des connaissances s\&\#233;curis\&\#233; et respectueux de la vie priv\&\#233;e dans l\&\#8217;environnement des objets connect\&\#233;s. Nous analyserons l\&\#8217;exemple d\&\#8217;un r\&\#233;frig\&\#233;rateur connect\&\#233; pour comprendre comment utiliser la Blockchain afin de d\&\#233;velopper des Innovations Sociales Num\&\#233;riques.},
	language = {fr},
	number = {1},
	urldate = {2020-06-11},
	journal = {Communication management},
	author = {Szoniecky, Samuel and Toumia, Amri},
	month = jun,
	year = {2020},
	note = {Publisher: ESKA},
	pages = {39--52},
	file = {Snapshot:/home/samszo/snap/zotero-snap/common/Zotero/storage/7EPAI3EZ/revue-communication-et-management-2020-1-page-39.html:text/html},
}

@article{szoniecky_pretopologie_2018,
	title = {Prétopologie et protection de la vie privée dans l’{Internet} des {Objets}},
	volume = {2},
	issn = {2514-8273},
	url = {https://www.openscience.fr/Pretopologie-et-protection-de-la-vie-privee-dans-l-Internet-des-Objets},
	doi = {10.21494/ISTE.OP.2018.0227},
	abstract = {L’article présente un moyen de représenter la vie privée à travers des diagrammes, ceci dans le cadre de l’Internet des Objets. En utilisant la prétopologie, nous étudions comment créer une organisation graphique et conceptuelle de la vie privée qui peut permettre son paramétrage par manipulation des éléments graphiques du diagramme. Dans la première partie de cet article, nous définissons ce qu’est la vie privée et nous évoquons des travaux importants qui traitent de ce sujet. Nous présentons, ensuite, quelques concepts de la prétopologie et nous détaillons l’intérêt de son utilisation pour notre modélisation. En deuxième partie, nous étudions la modélisation de la vie privée dans l’Internet des Objets en prenant comme exemple celui d’une montre intelligente. Nous concluons enfin en évoquant les futurs travaux à partir de cet article.},
	number = {Numéro 1},
	journal = {Internet des objets},
	author = {Szoniecky, Samuel and Toumia, Amri},
	year = {2018},
}

@inproceedings{stransky_lusage_2014,
	address = {Université du Sud Toulon Var},
	title = {L’usage des diagrammes dans les partitions musicales : du graphique au conceptuel pour une potentialité du geste},
	shorttitle = {L’usage des diagrammes dans les partitions musicales},
	url = {https://hal-univ-paris8.archives-ouvertes.fr/hal-01098436},
	abstract = {Après avoir exposé des exemples précis de partition musicale graphique en montrant la nouveauté des situations inhérentes à ces faits artistiques, dans cet article nous nous interrogeons sur la partition en tant que technologie intellectuelle en l’analysant avec un modèle écosystémique d'information et de communication. A travers ce modèle, nous pré- sentons tout d'abord de façon descriptive quelles informations sont en jeu. Pour et par quels acteurs, suivant quelles réflexivités. Nous analysons ensuite les enjeux de ces pratiques sociales artistiques. Plus particulièrement, nous proposons d’étudier des partitions graphiques assimilables à des diagrammes. Partant d'études de cas concrets, nous montrons la spécificité d’une pensée diagrammatique comme méthode d'analyse et de stimulation de l’expression. Le diagramme en tant que moteur analogique assure les transferts d’une signification graphique vers une potentialité de gestes et, par là même stimule la réflexivité et l’expression.},
	language = {fr},
	urldate = {2017-06-02},
	author = {Stransky, Lenka and Szoniecky, Samuel},
	month = jun,
	year = {2014},
	file = {Snapshot:/home/samszo/snap/zotero-snap/common/Zotero/storage/W2Z7Q9BB/hal-01098436.html:text/html},
}

@article{szoniecky_2016_nodate,
	title = {2016 - {Generative} {Stein} {Poems}},
	url = {https://www.academia.edu/28638189/2016_-_Generative_Stein_Poems},
	abstract = {Stein poems are short fragments of text that refer to life in general. They evoke emotions, past, present, and future situations through a rich vocabulary, putting special attention to syntax and semantics of phrases. We present a hypertext},
	language = {en},
	urldate = {2020-01-18},
	author = {Szoniecky, Samuel and Balpe, Jean-Pierre and Reyes, Everardo},
	file = {Snapshot:/home/samszo/snap/zotero-snap/common/Zotero/storage/SC6QIG9V/2016_-_Generative_Stein_Poems.html:text/html},
}

@incollection{bourassa_espace_2019,
	title = {Espace liminaire de l’authenticité : {Une} démarche d’humanités numériques},
	isbn = {978-1-78405-651-3},
	booktitle = {{H2PTM}’19},
	publisher = {ISTE Editions},
	author = {Bourassa, Renée and Larrue, Jean-Marc and Godin, Gabrielle and Szoniecky, Samuel},
	year = {2019},
	pages = {126--144},
}

@article{szoniecky_conception_2020,
	title = {Conception d’un crible pour mesurer collectivement les impacts écologiques de l’activité},
	volume = {Vol. 16},
	issn = {1622-1494},
	url = {https://www.cairn.info/revue-les-cahiers-du-numerique-2020-2-page-175.htm},
	abstract = {Cet article pr\&\#233;sente une m\&\#233;thode pour concevoir un dispositif g\&\#233;n\&\#233;rique de m\&\#233;trologie citoyenne que nous appelons crible et dont nous \&\#233;tudions la conception dans le contexte de l\&\#8217;\&\#233;cologie de l\&\#8217;activit\&\#233;, plus pr\&\#233;cis\&\#233;ment dans l\&\#8217;exemple de la consommation d\&\#8217;avocat. Cette conception s\&\#8217;appuie sur une mod\&\#233;lisation \&\#233;thique de l\&\#8217;activit\&\#233; faisant r\&\#233;f\&\#233;rence \&\#224; (Guattari, 1989\&\#160;; Deleuze, 1980\&\#160;; Groupe \&\#181; et al., 2016\&\#160;; Citton, 2010\&\#160;; Descola 2005, Berque, 2009) et s\&\#8217;appuyant sur les exigences qu\&\#8217;une telle d\&\#233;marche implique pour la gestion des donn\&\#233;es. Le crible en tant qu\&\#8217;interface entre objectivit\&\#233; et subjectivit\&\#233; offre une analogie op\&\#233;ratoire pour explorer les cons\&\#233;quences de l\&\#8217;activit\&\#233; \&\#224; partir d\&\#8217;un mod\&\#232;le simple d\&\#8217;\&\#233;criture et de lecture bas\&\#233;e sur la formule logique sujet \&\#8211; objet - pr\&\#233;dicat contrainte par l\&\#8217;ontologie \&\#233;thique\&\#160;: physicalit\&\#233;s, acteurs, concepts, rapports.},
	language = {fr},
	number = {2},
	urldate = {2021-11-06},
	journal = {Les Cahiers du numerique},
	author = {Szoniecky, Samuel},
	year = {2020},
	note = {Bibliographie\_available: 0
Cairndomain: www.cairn.info
Cite Par\_available: 0
Publisher: Lavoisier},
	pages = {175--199},
	file = {Snapshot:/home/samszo/snap/zotero-snap/common/Zotero/storage/H2JNNL4C/revue-les-cahiers-du-numerique-2020-2-page-175.html:text/html},
}

@inproceedings{meunier_apports_2017,
	title = {Apports d'une ontologie à l'apprentissage des statistiques},
	url = {https://hal-univ-paris8.archives-ouvertes.fr/hal-01565705/document},
	abstract = {La structuration des connaissances est un enjeu majeur pour l'enseignement des méthodes statistiques. Parallèlement, l'usage croissant de ressources en ligne pose aux apprenants des problèmes de repérage et d'évaluation de leur pertinence. La convergence de ces deux problématiques nous a conduits à proposer une ontologie informatique pour l'indexation des ressources pédagogiques. Nous en discutons les intérêts et les perspectives pour leur partage, l'étude des difficultés d'acquisition et le développement de nouveaux dispositifs d'aide à l'apprentissage.},
	language = {fr},
	urldate = {2018-10-11},
	author = {Meunier, Jean-Marc and Szoniecky, Samuel and Lamolle, Myriam},
	month = sep,
	year = {2017},
	keywords = {statistiques},
	file = {Full Text PDF:/home/samszo/snap/zotero-snap/common/Zotero/storage/QVRQ6PUW/Meunier et al. - 2017 - Apports d'une ontologie à l'apprentissage des stat.pdf:application/pdf;Snapshot:/home/samszo/snap/zotero-snap/common/Zotero/storage/HPXUWHI8/hal-01565705.html:text/html},
}

@article{leleu-merviel_metamorphoses_2019,
	title = {Métamorphoses et hybridations d’une archive numérique pour sa valorisation : vers des écosystèmes de connaissances},
	volume = {20},
	url = {http://europia.org/RIHM/V20N1/3-RIHM20V1-samszo.pdf},
	language = {en},
	number = {1},
	journal = {Journal of Human Mediated Interactions},
	author = {Szoniecky, Samuel},
	editor = {Leleu-Merviel, Sylvie and Zreik, Khaldoun},
	year = {2019},
	pages = {77--104},
	file = {Leleu-Merviel et al. - 2019 - Journal of Human Mediated Interactions.pdf:/home/samszo/snap/zotero-snap/common/Zotero/storage/VRKLUBAW/Leleu-Merviel et al. - 2019 - Journal of Human Mediated Interactions.pdf:application/pdf},
}

@incollection{citton_intelligences_2023,
	title = {Intelligences végétales},
	isbn = {978-2-37896-359-0},
	url = {https://journals.openedition.org/lectures/59146},
	abstract = {Si le numérique est désormais ubiquitaire, s'il s'infiltre partout – pour nous connecter, nous assister, nous augmenter, nous surveiller – quels sont les angles morts de ce regard dont le centre est partout et la circonférence nulle part ? C'est à cette question qu'essaient de répondre les 145 entrées et la vingtaine de contributeur·es de ce glossaire. On y trouvera des expressions-clés, familières ou inattendues, des réflexions originales et des synthèses pédagogiques sur les profondes ambi...},
	language = {fr},
	urldate = {2023-04-05},
	booktitle = {Angles morts du numérique ubiquitaire},
	publisher = {Presses du réel (Les)},
	author = {Szoniecky, Samuel},
	editor = {Citton, Yves and Lechner, Marie and Anthony, Masure},
	year = {2023},
	note = {Publication Title: http://journals.openedition.org/lectures},
	keywords = {Philosophie, Sciences du langage},
	pages = {249--255},
}

@article{ziku_reerua_2023,
	title = {Re:{ERUA} {CoCult}: {Towards} a participatory data governance for community heritage documentation},
	shorttitle = {Re},
	url = {https://zenodo.org/record/8180417},
	abstract = {Deliverables of the project "Communities οf Cultural CommonalIties of Paris and Mytilene [CoCult]", selected under the 2nd Open Call Research – External Stakeholder Collaboration of the Re-ERUA “Research and Engagement for the European Reform University Alliance”, linked to ERUA, the Alliance of European Reform Universities within the European Universities Initiative. Project CoCult’s main concept is to collaborate with the cultural commonalities of two international regions (Paris, France and Mytilene, Greece) in order to document their cultural identity. The accent is placed on intangible cultural heritage, such as traditions, performing arts, social practices, fashion, festive events, and cuisine. With the support of external stakeholders, representatives of the cultural commonalities will be engaged in activities that promote the documentation of their culture in participatory and open ways. The project’s goals are: - The adaptation of a methodology for participatory data governance on intangible cultural heritage elements of cultural commonalities - The participation of representatives of cultural commonalities in experimental activities, in order to promote their intangible cultural heritage - The use of digital tools that allow for engagement of the representatives of cultural commonalities and the alliance partners - The implementation of citizen-enhanced open science practices for interdisciplinary collaboration among different universities The deliverables here include: i) The presentations of the methodology and workshop presentation, and the interactive presentation using the Mentimeter tool, shared as Open Educational Resources (OER) 1. ReERUA CoCult- Presentation - Participatory Data Governance for Cultural Heritage 2. ReERUA CoCult-  Workshop Presentation - HistoryPin Activity 3. ReERUA CoCult- Mentimeter interactive presentation ii) 3 policy compliance documents: A Code of Conduct drawing from existing codes (cf. ACM, 2018; ALLEA, 2017) and including guidelines pertinent to research collaboration with communities/citizens in heritage-related settings. * An Open Science disposition document, drawing from the RE:ERUA Open Science Fundamental Course (Heber et al., 2022) and the 9-factor typology assessing the openness scope in citizen-science projects in cultural heritage under the term “citizen enhanced open science” (Zourou \& Ziku, 2022). The document aims to provide a stepwise approach to good practices in open science, including the creation of a sustainable and trustworthy cultural data repository. * A Participatory Data Governance framework, adjusting the methodology developed by the Ada Lovelace Institute that translated the 8 Ostrom’s principles for governing the commons to 23 design principles governing data (ALI, 2020; 2021). The document will adjust the Ada framework in order to specifically address collaboration with communities/citizens in research settings of cultural data governance. 4. ReERUA CoCult- Code of Conduct 5. ReERUA CoCult- Citizen Enhanced Open Science mapping 6. ReERUA CoCult- Participatory Data Governance mapping iii) The project's dataset, report and program: 7. CoCult CSV dataset - Intangible Cultural Heritage testimonies by community members 8. ReERUA CoCult- report ReERUA CoCult- PROGRAM LESVOS\_12-13\_07\_2023 The alliance partners involved in the collaboration are: a) University of Aegean, Department of Cultural Informatics, Intelligent Systems Lab, scientific director George Caridakis (associate professor). b) Université Paris 8 Vincennes-Saint-Denis, Department of Digital Humanities, Lab. Paragraphe, scientific director Samuel Szoniecky (associate professor) and Everardo Reyes (full professor). Included external stakeholders are: a)Iliaktida AMKE Civil Non-Profit Company (Greece) b)Centre numérique d’innovation sociale (CNIS) Université Paris (France) The project is funded within the Horizon2020 project Research and Engagement for the European Reform University Alliance [ID: 101035808], under the Work Package "Innovation and Societal Engagement, which aim is to drive ERUA to foster the engagement for Responsible Research and Innovation (RRI) of all sectors’ organizations and citizens through good governance, mutual learning, agreed practices and multi-actor and public engagement initiatives in research and innovation.},
	urldate = {2023-08-30},
	author = {Ziku, Mariana and Michalakis, Konstantinos and Caridakis, George and Konstadakis, Markos and Trichopoulos, George and Reyes, Everardo and Szoniecky, Samuel and Dupret, Katia and Eschweiler, Jennifer},
	month = jun,
	year = {2023},
	note = {Publisher: Zenodo},
	keywords = {citizen enhanced open science, community heritage, cultural heritage, European Reform University Alliance, open access, participatory data governance},
	file = {Zenodo Full Text PDF:/home/samszo/snap/zotero-snap/common/Zotero/storage/BUG4AKGA/Ziku et al. - 2023 - ReERUA CoCult Towards a participatory data gover.pdf:application/pdf},
}

@incollection{szoniecky_modeling_2018,
	address = {Hoboken, NJ},
	title = {Modeling of power to act for an ethics of the {Internet} of {Things}},
	isbn = {978-1-78630-361-5},
	url = {http://www.iste.co.uk/book.php?id=1396},
	language = {Anglais},
	booktitle = {Challenges of the {Internet} of {Things}: {Technique}, {Use}, {Ethics}},
	publisher = {ISTE Ltd},
	author = {Szoniecky, Samuel},
	month = sep,
	year = {2018},
	pages = {215--243},
}

@misc{szoniecky_samuel_ontologie_2008,
	address = {Université Paris 8},
	title = {Une ontologie spinoziste pour une écologie de l'information},
	url = {http://www.ieml.org/IMG/pdf/Programme_du_13_mai-_Etat_et_perspectives_du_Web_semantique_et_social_-2.pdf},
	author = {Szoniecky, Samuel and Bourenane, Amel},
	month = may,
	year = {2008},
}

@misc{szoniecky_samuel_jardin_2008,
	address = {CNAM, Paris},
	title = {Le jardin des connaissances},
	author = {Szoniecky, Samuel},
	month = sep,
	year = {2008},
}

@misc{szoniecky_samuel_evaluation_2009,
	address = {Chaire de Recherche du Canada en Intelligence Collective, Université Ottawa, Ottawa, Canada},
	title = {Évaluation de l’activité sémantique},
	author = {Szoniecky, Samuel},
	month = may,
	year = {2009},
}

@misc{bootz_entityidentity_2009,
	address = {Barcelona, Spain},
	title = {Entity/{Identity} : {A} tool designed to index documents about digital poetry},
	url = {http://174.132.128.221/~hermenei/press.php},
	author = {Bootz, Philippe},
	collaborator = {Szoniecky, Samuel and Bargaoui, Abderrahim},
	month = may,
	year = {2009},
}

@misc{szoniecky_samuel_ontological_2010,
	address = {Toluca, Mexico},
	title = {Ontological design for ecosystem information},
	url = {http://webstudies.info/ws2010/},
	author = {Szoniecky, Samuel},
	month = mar,
	year = {2010},
}

@misc{szoniecky_samuel_utilisation_2011,
	address = {Tipaza, Algérie},
	title = {L'utilisation d'{IEML} pour la préservation des langues de faible diffusion},
	author = {Szoniecky, Samuel},
	month = jun,
	year = {2011},
}

@misc{szoniecky_samuel_langage_nodate,
	address = {Hammamet, Tunisie},
	title = {Le langage du {Web} du symbolique à l'allégorique},
	url = {https://isko-maghreb2011.loria.fr/index.html%3Fp=17.html},
	author = {Szoniecky, Samuel},
}

@misc{szoniecky_samuel_comment_2012,
	address = {Bibliothèque Nationale, Site Richelieu, Paris},
	type = {Labex {Arts}-{H2H} et {Patrima}},
	title = {Comment valoriser des textualités complexes par le numérique ?},
	author = {Szoniecky, Samuel},
	month = jun,
	year = {2012},
}

@misc{szoniecky_samuel_dimension_2007,
	address = {Saint Denis},
	title = {Dimension technique, ergonomique et cognitive du {Web}},
	author = {Szoniecky, Samuel},
	month = mar,
	year = {2007},
}

@misc{szoniecky_samuel_jardin_2008-1,
	address = {Ecomusée du Perche, Saint-Cyr-la-Rosière},
	title = {Le jardin des connaissances},
	author = {Szoniecky, Samuel},
	month = jun,
	year = {2008},
}

@misc{szoniecky_samuel_chora_2010,
	address = {La Cantine, Paris},
	title = {{CHORA}},
	url = {http://lacantine.org/events/radart-n-5-interfaces-multitouch-et-naturelles},
	author = {Szoniecky, Samuel},
	month = sep,
	year = {2010},
}

@misc{szoniecky_intelligence_2011,
	address = {IUT de Lisieux},
	title = {Intelligence collective pour la conception de statistiques géo-localisées},
	author = {Szoniecky, Samuel},
	month = sep,
	year = {2011},
}

@misc{szoniecky_les_2009,
	address = {Maison des sciences de l’homme et de la société, Lille},
	title = {Les outils pour un état des lieux de l’accessibilité urbaine : actualités et perspectives},
	url = {http://www.meshs.fr/page.php?r=24&id=343&lang=fr},
	author = {Szoniecky, Samuel},
	month = nov,
	year = {2009},
}

@misc{szoniecky_folksonomie_2011,
	address = {Université de Cergy-Pontoise},
	title = {Folksonomie pour l’exploration sémantique d’une bibliothèque},
	url = {http://www.u-cergy.fr/fr/recherche-et-valorisation/iea/archives---2006-a-2010/programme-des-cycles-thematiques-2011/eduquer-et-transmettre---quelle-ecole-demain-2/bibliotheque-numerique-a-l-ere-du-web-2-0.html},
	author = {Szoniecky, Samuel},
	month = mar,
	year = {2011},
}

@misc{szoniecky_ieml_2011,
	address = {Université Paris 8},
	title = {{IEML}, une sphère comme système de coordonnées sémantique de l'e-science ?},
	author = {Szoniecky, Samuel},
	month = apr,
	year = {2011},
}

@misc{szoniecky_web_2011,
	address = {Université de Cergy Pontoise},
	title = {Web sémantique et multilinguisme},
	url = {http://isictal.blogspot.fr/2011/07/ticla-technologies-de-linformation-et.html},
	author = {Szoniecky, Samuel and Saleh, Imad},
	month = jun,
	year = {2011},
}

@misc{szoniecky_espaces_2012,
	address = {CNAM, Paris},
	title = {Espaces cognitifs : les frontières de la recommandation},
	url = {http://dicen.cnam.fr/evenements/les-moteurs-de-recommandation-503171.kjsp},
	author = {Szoniecky, Samuel and Hachour, Hakim},
	month = jun,
	year = {2012},
}

@misc{szoniecky_generation_2015,
	type = {Billet},
	title = {Génération automatique de textes},
	url = {https://socioargu.hypotheses.org/5037},
	abstract = {Samuel Szoniecky, Hakim Hachour Université Paris VIII – Laboratoire Paragraphe La génération automatique est intimement liée à l’usage de l’informatique. Nous l’expérimentons à la moindre frappe sur nos claviers, au moindre clic sur nos écrans. L’informatique nous permet de générer à partir d’un geste très simple : une lettre sur l’écran, une page web qui s’affiche, […]},
	language = {fr-FR},
	urldate = {2023-07-17},
	journal = {Socio-informatique et argumentation},
	author = {Szoniecky, Samuel and Hachour, Hakim},
	month = may,
	year = {2015},
	file = {Snapshot:/home/samszo/snap/zotero-snap/common/Zotero/storage/JTHGHSCX/5037.html:text/html},
}

@misc{szoniecky_generateurs_2015,
	address = {EHESS, Paris},
	title = {Générateurs automatiques de texte},
	url = {https://socioargu.hypotheses.org/4932},
	author = {Szoniecky, Samuel},
	month = jan,
	year = {2015},
}

@misc{szoniecky_methode_2015,
	address = {Université de Stuttgart},
	title = {Méthode des humanités numériques : automatismes et intuitions},
	author = {Szoniecky, Samuel},
	month = mar,
	year = {2015},
}

@misc{szoniecky_editer_nodate,
	address = {Maison des sciences de l’Homme, Paris},
	title = {Editer des réseaux d’influence},
	author = {Szoniecky, Samuel and Louâpre, Muriel},
}

@misc{szoniecky_cartographier_2017,
	address = {Archives Nationales, Pierrefitte sur Seine},
	title = {Cartographier l’interprétation des archives},
	url = {http://valarnum.univ-paris8.fr/Programme},
	author = {Szoniecky, Samuel},
	month = nov,
	year = {2017},
}

@misc{szoniecky_exploration_2014,
	address = {Ecole Supérieure d'Ingénierie en Sciences Appliquées, Fès, Maroc},
	type = {Labex {Arts}-{H2H}},
	title = {Exploration et modélisation des frontières numériques par un appareil de capture sémantique},
	author = {Szoniecky, Samuel},
	month = nov,
	year = {2014},
}

@misc{szoniecky_tweet_2012-1,
	address = {Université de Lorraine, Metz},
	title = {Tweet {Palette} : cartographie sémantique pour l’interprétation d'un événement},
	url = {http://ocs.univ-metz.fr/public/conferences/7/schedConfs/9/program-fr_CA.pdf},
	author = {Szoniecky, Samuel},
	month = nov,
	year = {2012},
}

@misc{szoniecky_interpreter_2014,
	address = {Université́ de Genève},
	title = {Interpréter les archives {Deleuze} : exemple de jardinage des connaissances},
	url = {https://docplayer.fr/2235208-Colloque-international-archives-des-savoirs-problemes-et-enjeux-universite-de-geneve-19-21-juin-2014.html},
	author = {Szoniecky, Samuel},
	month = jun,
	year = {2014},
}

@misc{szoniecky_outillages_2016,
	address = {Nancy},
	title = {Outillages numériques pour les humanités : cartographier des réseaux d’influences},
	url = {http://aliento.msh-lorraine.fr/actualites/vue-details/article/programme-6e-colloque-aliento-16-17-mars-2016-nancy-paris-france.html},
	author = {Szoniecky, Samuel},
	month = mar,
	year = {2016},
}

@misc{szoniecky_ecologies_nodate,
	address = {IEA, Paris, France},
	title = {Ecologies of software},
	url = {http://www.paris-iea.fr/fr/evenements/symposium-on-software-and-digital-humanities-ii},
	author = {Szoniecky, Samuel},
}

@misc{reyes-garcia_generative_2016,
	address = {Halifax, Canada},
	title = {Generative {Stein} {Poems}},
	url = {http://ht.acm.org/ht2016/},
	author = {Reyes-Garcia, Everardo},
	collaborator = {Szoniecky, Samuel and Balpe, Jean-Pierre},
	month = jul,
	year = {2016},
}

@misc{szoniecky_perception_2016,
	title = {La perception des proverbes : cartographier les frontières sapientielles},
	url = {http://frontieres.paragraphe.info},
	author = {Szoniecky, Samuel},
	month = dec,
	year = {2016},
}

@misc{szoniecky_intelligence_2020,
	address = {Colloque de Cerisy},
	title = {Intelligence {Végétale}, 24 septembre – 1er octobre,},
	url = {https://cerisy-colloques.fr/numerique2020/},
	author = {Szoniecky, Samuel},
	month = sep,
	year = {2020},
}

@misc{szoniecky_valorisation_nodate,
	address = {En ligne},
	title = {Valorisation des archives numériques},
	url = {https://archivistes.qc.ca/category/colloque-automne-2021/},
	author = {Szoniecky, Samuel},
}

@incollection{chartron_espaces_2014,
	edition = {Collection Systèmes d'information, Web et informatique ubiquitaire édition},
	title = {Espaces sémio-cognitifs : les frontières des systèmes de recommandation},
	isbn = {978-1-78405-041-2},
	language = {Français},
	booktitle = {Les moteurs et systèmes de recommandation},
	publisher = {Hermes Science Publishing Ltd},
	author = {Hachour, Hakim and Szoniecky, Samuel and Abouad, Safia},
	editor = {Chartron, Ghislaine and Kembellec, Gérald and Saleh, Imad},
	month = sep,
	year = {2014},
}

@book{saleh_5eme_2023,
	title = {5ème colloque {Frontières} {Numériques}},
	url = {https://hal.science/hal-04148454},
	language = {fr},
	urldate = {2023-07-03},
	author = {Saleh, Imad and Szoniecky, Samuel and Ghenima, Malek},
	month = jun,
	year = {2023},
	note = {Publisher: Europia Productions},
	file = {Snapshot:/home/samszo/snap/zotero-snap/common/Zotero/storage/8HHT3F9K/hal-04148454.html:text/html},
}

@article{desfriches_doria_les_2022,
	title = {Les enjeux de la culture numérique : des habitus de réception à la réflexivité numérique},
	volume = {5},
	issn = {2779-1106},
	shorttitle = {Les enjeux de la culture numérique},
	url = {https://www.cairn.info/revue-approches-theoriques-en-information-communication-2022-2-page-5.htm},
	doi = {10.3917/atic.005.0005},
	language = {fr},
	number = {2},
	urldate = {2022-12-14},
	journal = {Approches Théoriques en Information-Communication (ATIC)},
	author = {Desfriches Doria, Orélie and Szoniecky, Samuel},
	year = {2022},
	note = {Publisher: DICEN IdF},
	pages = {5--10},
	file = {Snapshot:/home/samszo/snap/zotero-snap/common/Zotero/storage/S88KI9C2/revue-approches-theoriques-en-information-communication-2022-2-page-5.html:text/html;Texte intégral:/home/samszo/snap/zotero-snap/common/Zotero/storage/Q6TQ52HF/Desfriches Doria et Szoniecky - 2022 - Les enjeux de la culture numérique  des habitus d.pdf:application/pdf},
}

@misc{quach_litte_bot_2022,
	type = {Billet},
	title = {{LITTE}\_BOT, un robot conversationnel pour dialoguer avec des œuvres littéraires, des personnages ou leur auteur},
	url = {https://bnf.hypotheses.org/12976},
	abstract = {Projet financé par l’EUR ArtTec1, le projet LITTE\_BOT est expliqué par ses concepteurs. L’idée est née de la rencontre entre Joël Huthwohl, directeur du département des Arts du spectacle de la BnF et l’artiste Rocio...},
	language = {fr-FR},
	urldate = {2023-12-24},
	journal = {Carnet de la recherche à la Bibliothèque nationale de France},
	author = {Quach, Cécile and Pappa, Anna and Berenguer, Rocio and Szoniecky, Samuel and Huthwohl, Joël and Dendievel, Hugo and Laborderie, Arnaud},
	month = sep,
	year = {2022},
	file = {Snapshot:/home/samszo/snap/zotero-snap/common/Zotero/storage/UAJHK7LA/12976.html:text/html},
}

@inproceedings{pappa_designing_2023,
	address = {Budapest},
	title = {Designing a database for a classical theatrical chatbot},
	url = {https://liberconference.eu/wp-content/uploads/2023/06/LIBER_2023_conf_book_website_NEW.pdf},
	doi = {https://doi.org/10.36820/LIBER.2023},
	abstract = {The LITTE\_BOT project aims to create a theatrical chatbot embodying Dom
Juan for Molière’s 400th anniversary, presented for the exhibition „Molière,
le jeu du vrai et du faux” that the BnF and the Comédie Française devoted
to him in 2022. Initiator of the project, Rocio Berenguer, a playwright,
approached the French National Library (BnF) to recover the corpus for a
literary chatbot. The Gallica Studio project (now closed) encouraged the
reuse of Gallica’s content, while experimenting with emerging technologies.
In this case, exploring voice mediation through chatbots and explaining
it to the public. Researchers Anna Pappa and Samuel Szoniecky (both at
University Paris 8) contributed their scientific expertise to make the chatbot
a reality, in the framework of a call for projects from the Artec university
research school.},
	language = {anglais},
	booktitle = {Open and {Truster} : {Reassessing} research library values},
	author = {Pappa, Anna and Szoniecky, Samuel and Berenguer, Rocio and Huthwohl, Joël and Quach, Cécile and Laborderie, Arnaud},
	month = jul,
	year = {2023},
}
