
@book{reyes_dtuc_2018,
	address = {New York, NY, USA},
	title = {{DTUC} '18: {Proceedings} of the 1st {International} {Conference} on {Digital} {Tools} \& {Uses} {Congress}},
	isbn = {978-1-4503-6451-5},
	shorttitle = {{DTUC} '18},
	abstract = {The first international Digital Tools \& Uses Congress is a multidisciplinary conference devoted to study the uses and development of digital tools. It aims at assembling five interrelated symposia: 1) Web Studies1, 2) Challenges of IoT, 3) Recommender systems, 4) Archives and social networks, and 5) Digital Frontiers. The intention of this consortium is to approach a common object of study from different perspectives in order to enrich the discussion and collaboration between participants.},
	publisher = {ACM},
	editor = {Reyes, E. and Szoniecky, S. and Mkadmi, A. and Kembellec, G. and Fournier-S'niehotta, R. and Siala-Kallel, F. and Ammi, M. and Labelle, S.},
	year = {2018},
}

@book{saleh_challenges_2018,
	address = {Hoboken, NJ},
	title = {Challenges of the {Internet} of {Things}: {Technique}, {Use}, {Ethics}},
	isbn = {978-1-78630-361-5},
	shorttitle = {Challenges of the {Internet} of {Things}},
	language = {Anglais},
	publisher = {ISTE Ltd},
	author = {Saleh, Imad and Ammi, Mehdi and Szoniecky, Samuel},
	month = sep,
	year = {2018},
}

@book{szoniecky_collective_2017,
	edition = {1},
	title = {Collective {Intelligence} and {Digital} {Archives}: {Towards} {Knowledge} {Ecosystems}},
	shorttitle = {Collective {Intelligence} and {Digital} {Archives}},
	abstract = {The first chapter of this book describes the problems of collective intelligence and its use in the context of digital archives. The other chapters then present different points of views on these issues by describing and analyzing concrete examples of use of collective intelligence to the benefit of digital archives. The digitalization of archives produces a huge mass of structured documents (Big Data). Due to the proactive approach of public institutions (libraries, archives, administrations ...), this data is more and more accessible. This book aims to present and analyze concrete examples of collective intelligence at the service of digital archives.},
	language = {Anglais},
	publisher = {Wiley-ISTE},
	author = {Szoniecky, Samuel and BouhaÏ, Nasreddine},
	month = jan,
	year = {2017},
}

@book{ihadjadene_classifications_2013,
	title = {Classifications et dispositifs informationnels},
	isbn = {978-2-271-07889-6},
	url = {https://hal-univ-paris8.archives-ouvertes.fr/hal-01098424},
	abstract = {Le Web offre actuellement au grand public une coexistence des modes d’accès à l’information les plus diversifiés (index, thésaurus, ontologies, listes d’autorité, folksonomies, classifications hiérarchiques, classifications à facettes). Après un rappel sur l’usage des classifications comme outil d’accès et de navigation, nous discuterons des approches privilégiant une organisation thématique des résultats. Nous examinerons ensuite l’apport des cartographies de l’information pour l’exploration et la modélisation des points de vue sur un corpus documentaire.},
	language = {fr},
	urldate = {2015-03-05},
	author = {Ihadjadène, Madjid and Szoniecky, Samuel and Kembellec, Gérald},
	month = aug,
	year = {2013},
	file = {Snapshot:/home/samszo/snap/zotero-snap/common/Zotero/storage/FZSUAWEK/hal-01098424.html:text/html},
}

@book{szoniecky_ecosysteme_2017,
	title = {Écosystème de connaissances :  méthode de modélisation et d’analyse de l’information et de la communication},
	isbn = {978-1-78405-334-5},
	publisher = {ISTE Editions},
	author = {Szoniecky, Samuel},
	year = {2017},
}

@book{szoniecky_collective_2016,
	address = {Hoboken, NJ},
	title = {Collective intelligence and digital archives},
	isbn = {978-1-78630-060-7},
	publisher = {ISTE Ltd/John Wiley and Sons Inc},
	author = {Szoniecky, Samuel and Bouhai, Nasreddine},
	year = {2016},
}

@book{szoniecky_intelligence_2017,
	edition = {Systèmes d'information, web et société},
	title = {Intelligence collective et archives numériques},
	isbn = {978-1-78405-255-3},
	publisher = {ISTE éditions},
	author = {Szoniecky, Samuel and Bouhaï, Nasreddine},
	editor = {Saleh, Imad},
	year = {2017},
}

@book{szoniecky_ecosystems_2018,
	title = {Ecosystems {Knowledge}: {Modeling} and {Analysis} {Method} for {Information} and {Communication}},
	isbn = {978-1-78630-064-5},
	shorttitle = {Ecosystems {Knowledge}},
	language = {Anglais},
	publisher = {Wiley-Iste},
	author = {Szoniecky, Samuel},
	month = sep,
	year = {2018},
}

@book{saleh_5eme_2023,
	title = {5ème colloque {Frontières} {Numériques}},
	url = {https://hal.science/hal-04148454},
	language = {fr},
	urldate = {2023-07-03},
	author = {Saleh, Imad and Szoniecky, Samuel and Ghenima, Malek},
	month = jun,
	year = {2023},
	note = {Publisher: Europia Productions},
	file = {Snapshot:/home/samszo/snap/zotero-snap/common/Zotero/storage/8HHT3F9K/hal-04148454.html:text/html},
}
