@article{knuth84,
  author = {Knuth, Donald E.},
  title = {Literate Programming},
  year = {1984},
  issue_date = {May 1984},
  publisher = {Oxford University Press, Inc.},
  address = {USA},
  volume = {27},
  number = {2},
  issn = {0010-4620},
  url = {https://doi.org/10.1093/comjnl/27.2.97},
  doi = {10.1093/comjnl/27.2.97},
  journal = {Comput. J.},
  month = may,
  pages = {97–111},
  numpages = {15}
}



@phdthesis{szoniecky2012,
	title = {Évaluation et conception d'un langage symbolique pour l'intelligence collective : Vers un langage allégorique pour le Web},
	author = {Szoniecky, Samuel},
	year = {2012},
	month = {12},
	date = {2012-12-07},
	url = {http://tel.archives-ouvertes.fr/tel-00764457}
}

@book{thom2010,
	title = {Paraboles et catastrophes : Entretiens sur les mathématiques, la science et la philosophie},
	author = {Thom, {René}},
	year = {2010},
	month = {09},
	date = {2010-09-25},
	publisher = {Flammarion}
}

@article{thom1975,
	title = {D'un modèle de la science à une science des modèles},
	author = {Thom, R.},
	year = {1975},
	date = {1975},
	journal = {Synthese: An International Journal for Epistemology, Methodology and Philosophy of Science},
	pages = {359--374},
	volume = {31},
	number = {2},
	note = {Place: Dordrecht
Publisher: Springer},
	langid = {fr; fre}
}

@book{guattari1989,
	title = {Cartographies schizoanalytiques},
	author = {Guattari, {Félix}},
	year = {1989},
	month = {02},
	date = {1989-02-22},
	publisher = {Galilée}
}

@book{saleh2023,
	title = {5ème colloque Frontières Numériques},
	author = {Saleh, Imad and Szoniecky, Samuel and Ghenima, Malek},
	year = {2023},
	month = {06},
	date = {2023-06-17},
	url = {https://hal.science/hal-04148454},
	note = {Publisher: Europia Productions},
	langid = {fr}
}

@book{badiou2018,
	title = {L'immanence des vérités},
	author = {Badiou, Alain},
	year = {2018},
	date = {2018},
	series = {L'être et l'événement ,  3;  Ouvertures},
	note = {ill. en coul. 24 cm. Bibliogr. p. 687-690. Index.},
	langid = {fre}
}

@book{berque2009,
	title = {Ecoumène : Introduction à l'étude des milieux humains},
	author = {Berque, Augustin},
	year = {2009},
	month = {09},
	date = {2009-09-08},
	publisher = {Belin}
}

@book{maturana1994,
	title = {L'Arbre de la connaissance},
	author = {Maturana, Humberto R. and Varela, Francisco J.},
	year = {1994},
	date = {1994},
	publisher = {Editions Addison-Wesley France},
	address = {Paris}
}

@misc{deleuze1981,
	title = {La voix de Gilles Deleuze : 12- 17/03/81 - 1},
	author = {Deleuze, Gilles},
	year = {1981},
	month = {03},
	date = {1981-03-17},
	url = {http://www2.univ-paris8.fr/deleuze/article.php3?id_article=151}
}

@inproceedings{stransky2014,
	title = {XIXe congrès de la SFSIC, Penser les techniques et les technologies},
	author = {Stransky, Lenka and Szoniecky, Samuel},
	year = {2014},
	month = {06},
	date = {2014-06-04},
	url = {https://hal-univ-paris8.archives-ouvertes.fr/hal-01098436},
	address = {Université du Sud Toulon Var},
	langid = {fr}
}

@article{thiault2022,
	title = {Corpus d'enquêtes sur les pratiques d'information scientifique des chercheurs. Constitution et exploitation des données},
	author = {Thiault, Florence and Malingre, Marie-Laure},
	year = {2022},
	month = {01},
	date = {2022-01},
	journal = {Revue française des sciences de l'information et de la communication},
	series = {Data Paper : émergence d'une nouvelle donne scientifique},
	number = {n°24},
	url = {https://hal.archives-ouvertes.fr/hal-03618819},
	note = {Publisher: Société Française des Sciences de l'Information et de la Communication}
}

@book{descola2005,
	title = {Par-delà  nature et culture},
	author = {Descola, Philippe.},
	year = {2005},
	date = {2005},
	publisher = {NRF : Gallimard},
	address = {Paris}
}

@article{µ2016,
	title = {Du sens à l{\textquoteright}action, de l{\textquoteright}anasémiose à la catasémiose},
	author = {{µ}, Groupe and {Édeline}, Francis and Klinkenberg, Jean-Marie},
	year = {2016},
	month = {06},
	date = {2016-06-13},
	journal = {Corela. Cognition, représentation, langage},
	number = {HS-19},
	doi = {10.4000/corela.4540},
	url = {http://journals.openedition.org/corela/4540},
	langid = {fr}
}

@book{µ2015,
	title = {Principia semiotica : Aux sources du sens},
	author = {{µ}, Groupe and Edeline, Francis and Klinkenberg, Jean-Marie},
	year = {2015},
	month = {10},
	date = {2015-10-01},
	publisher = {Les impressions nouvelles éditions},
	address = {Bruxelles},
	langid = {Français}
}

@article{hofstadter,
	title = {L'analogie, au coeur de la pensée},
	author = {Hofstadter, Douglas and Sander, Emmanuel},
	url = {http://changerdere.scienceshumaines.com/contribution/42}
}

@book{deleuze1988,
	title = {Le pli},
	author = {Deleuze, Gilles},
	year = {1988},
	month = {09},
	date = {1988-09-01},
	publisher = {Editions de Minuit}
}

@book{hofstadter2013,
	title = {L'analogie : Coeur de la pensée},
	author = {Hofstadter, Douglas and Sander, Emmanuel},
	year = {2013},
	date = {2013},
	publisher = {Odile Jacob}
}

@inbook{callon2013,
	title = {Quatre modèles pour décrire la dynamique de la science},
	author = {Callon, Michel},
	editor = {Akrich, Madeleine and Latour, Bruno},
	year = {2013},
	month = {04},
	date = {2013-04-19},
	publisher = {Presses des Mines},
	pages = {201--251},
	series = {Sciences sociales},
	url = {http://books.openedition.org/pressesmines/1199},
	note = {Code: Sociologie de la traduction : Textes fondateurs
Reporter: Sociologie de la traduction : Textes fondateurs},
	address = {Paris}
}

@inproceedings{citton2010,
	title = {Biennale d{\textquoteright}art contemporain, Ateliers de Rennes},
	author = {Citton, Yves},
	year = {2010},
	date = {2010},
	publisher = {éd. Raphaëlle Jeune},
	pages = {p.114--121},
	url = {http://www.lesateliersderennes.fr/sites/default/files/media/cequivientdenous.pdf}
}

@book{clément2021,
	title = {La flexibilité cognitive: Pierre angulaire de l'apprentissage},
	author = {{Clément}, Evelyne},
	year = {2021},
	month = {07},
	date = {2021-07-01},
	publisher = {ISTE éditions},
	langid = {Français}
}

@book{balpe1996,
	title = {Techniques avancées pour l'hypertexte},
	author = {Balpe, Jean-Pierre and Saleh, Imad and Lelu, Alain},
	year = {1996},
	date = {1996},
	publisher = {Hermès},
	note = {Country: FR
ill., couv. ill. en coul. 24 cm. Bibliogr. p. 275-284. Index.},
	address = {Paris},
	langid = {fre}
}

@book{andry2022,
	title = {Les fondamentaux de la visualisation de données},
	author = {Andry, Tiffany and Kieffer, Suzanne and Lambotte, {François}},
	year = {2022},
	date = {2022},
	url = {https://dial.uclouvain.be/pr/boreal/object/boreal:255906},
	langid = {fr}
}

@article{fekete2015,
	title = {Recherche en visualisation d{\textquoteright}information ou Dataviz : pourquoi et comment ?},
	author = {Fekete, Jean-Daniel and Boy, Jeremy},
	year = {2015},
	date = {2015},
	journal = {I2D - Information, données & documents},
	pages = {32--33},
	volume = {52},
	number = {2},
	doi = {10.3917/i2d.152.0032},
	url = {https://www.cairn.info/revue-i2d-information-donnees-et-documents-2015-2-page-32.htm},
	note = {Place: Paris
Publisher: A.D.B.S.},
	langid = {fr}
}

@book{szoniecky2017,
	title = {Collective Intelligence and Digital Archives: Towards Knowledge Ecosystems},
	author = {Szoniecky, Samuel and {Bouhaï}, Nasreddine},
	year = {2017},
	month = {01},
	date = {2017-01-18},
	publisher = {Wiley-ISTE},
	edition = {1},
	langid = {Anglais}
}

@article{beretta2023,
	title = {Données ouvertes liées et recherche historique : un changement de paradigme},
	author = {Beretta, Francesco},
	year = {2023},
	month = {07},
	date = {2023-07-01},
	journal = {Humanités numériques},
	number = {7},
	doi = {10.4000/revuehn.3349},
	url = {https://journals.openedition.org/revuehn/3349},
	note = {Number: 7
Publisher: Humanistica},
	langid = {fr}
}

@book{morin1992,
	title = {La méthode, La connaissance de la connaissance, tome 3},
	author = {Morin, Edgar},
	year = {1992},
	month = {01},
	date = {1992-01-02},
	publisher = {Seuil}
}

@book{kandinsky1991,
	title = {Point et ligne sur plan :  contribution à l'analyse des éléments picturaux},
	author = {Kandinsky, Wassily},
	editor = {Sers, Philippe},
	year = {1991},
	date = {1991},
	publisher = {Gallimard},
	series = {Folio/essais},
	number = {168},
	edition = {Nouv. éd. établie, présentée et annotée},
	note = {Country: FR
ill., couv. ill. 18 cm. Précédemment paru sous le titre: {"}Point-ligne-plan.},
	address = {Paris},
	langid = {fre}
}

@book{aït-touati2019,
	title = {Terra forma :  manuel de cartographies potentielles},
	author = {{Aït-Touati}, {Frédérique} and {Arènes}, Alexandra and {Grégoire}, Axelle},
	year = {2019},
	date = {2019},
	publisher = {Éditions B42},
	note = {ill. 25 cm. Bibliogr. p. 188-190.},
	address = {Paris},
	langid = {fre}
}

@book{zreik2010,
	title = {Nouvelles cartographies, nouvelles villes HyperUrbain.2},
	author = {Zreik, Khaldoun},
	year = {2010},
	month = {11},
	date = {2010-11-29},
	publisher = {Productions Europia}
}

@book{bertin1999,
	title = {Sémiologie graphique les diagrammes, les réseaux, les cartes},
	author = {Bertin, Jacques},
	year = {1999},
	date = {1999},
	publisher = {Ed. de l'EHESS},
	address = {Paris}
}

@book{drucker2020,
	title = {Visualisation: L'interprétation modélisante},
	author = {Drucker, Johanna and Mignon, Morgane and Bortolotti, Marie-Mathilde},
	year = {2020},
	month = {06},
	date = {2020-06-19},
	publisher = {B42},
	edition = {1er édition},
	langid = {Français}
}

@inbook{desfrichesdoria2021,
	title = {Eduquer à l'esprit critique avec Opelmika - Entre {"}habitus numérique{"} et mobilisation des émotions},
	author = {Desfriches Doria, {Orélie} and Meunier, Jean-Marc},
	year = {2021},
	date = {2021},
	pages = {112--124},
	note = {OCLC: 1292595456},
	address = {Campus Condorcet Paris-Aubervilliers},
	langid = {French}
}

@book{fry2008,
	title = {Visualizing Data},
	author = {Fry, Ben},
	year = {2008},
	month = {01},
	date = {2008-01-04},
	publisher = {O'Reilly Media, Inc, USA},
	edition = {illustrated edition}
}

@book{rosenberg2013,
	title = {Cartographie du temps : Des frises chronologiques aux nouvelles timelines},
	author = {Rosenberg, Daniel and Grafton, Anthony T.},
	year = {2013},
	month = {05},
	date = {2013-05-30},
	publisher = {Eyrolles},
	address = {Paris},
	langid = {Français}
}

@book{domenget2017,
	title = {Temps et temporalités en information-communication : des concepts aux méthodes},
	author = {Domenget, Jean-Claude and {Miège}, Bernard and {Pélissier}, Nicolas},
	editor = {{L'Harmattan/SFSIC}, Editions},
	year = {2017},
	date = {2017},
	url = {https://hal.archives-ouvertes.fr/hal-03573956}
}

@book{béguin2017,
	title = {La représentation des données géographiques. Statistique et cartographie},
	author = {{Béguin}, {Michèle} and Pumain, Denise},
	year = {2017},
	date = {2017},
	publisher = {Armand Colin},
	series = {Cursus},
	volume = {4e éd.},
	url = {https://www.cairn.info/la-representation-des-donnees-geographiques--9782200617820.htm},
	address = {Paris},
	langid = {FR}
}

@book{serres1997,
	title = {Atlas},
	author = {Serres, Michel},
	year = {1997},
	month = {01},
	date = {1997-01-02},
	publisher = {Flammarion}
}

@article{giacona2019,
	title = {Une méthodologie de la modélisation en géohistoire : de la chronologie (spatialisée) des événements au fonctionnement du système par la mise en correspondance spatiale et temporelle},
	author = {Giacona, Florie and Martin, Brice and Eckert, Nicolas and Desarthe, {Jérémy}},
	year = {2019},
	month = {12},
	date = {2019-12-02},
	journal = {Physio-Géo. Géographie physique et environnement},
	pages = {171--199},
	number = {Volume 14},
	doi = {10.4000/physio-geo.9186},
	url = {https://journals.openedition.org/physio-geo/9186},
	note = {Number: Volume 14
Publisher: Martin, Claude},
	langid = {fr}
}

@article{bautier2016,
	title = {Un principium équivoque pour les sciences de l{\textquoteright}information et de la communication ?},
	author = {Bautier, Roger},
	year = {2016},
	month = {06},
	date = {2016-06-30},
	journal = {Questions de communication},
	pages = {145--158},
	number = {29},
	doi = {10.4000/questionsdecommunication.10442},
	url = {http://journals.openedition.org/questionsdecommunication/10442},
	langid = {fr}
}

@book{amato2013,
	title = {Les avatars jouables des mondes numériques : Théories, terrains et témoignages de pratiques interactives},
	author = {Amato, Armand Etienne and {Perény}, {Étienne}},
	year = {2013},
	month = {09},
	date = {2013-09-01},
	publisher = {Lavoisier},
	note = {Google-Books-ID: btu2AgAAQBAJ},
	langid = {fr}
}

@article{comte-sponville1998,
	title = {3. Qu'est-ce que le matérialisme ?},
	author = {Comte-Sponville, {André}},
	year = {1998},
	date = {1998},
	journal = {Une éducation philosophique},
	pages = {86--111},
	series = {Perspectives critiques},
	volume = {7e éd.},
	url = {https://www.cairn.info/education-philosophique--9782130458975-page-86.htm},
	langid = {fr}
}

@book{deleuze2003,
	title = {Spinoza. : Philosophie pratique},
	author = {Deleuze, Gilles},
	year = {2003},
	month = {04},
	date = {2003-04-10},
	publisher = {Editions de Minuit},
	edition = {[Nouv. éd.]}
}

@book{deleuze1968,
	title = {Spinoza et le problème de l'expression},
	author = {Deleuze, Gilles},
	year = {1968},
	date = {1968},
	publisher = {Éditions de Minuit},
	series = {Arguments (Éditions de Minuit},
	address = {Paris}
}

@article{bachimont2011,
	title = {Enjeux et technologies : des données au sens},
	author = {Bachimont, Bruno and Gandon, Fabien and Poupeau, Gautier and Vatant, Bernard and Troncy, {Raphaël} and Pouyllau, {Stéphane} and Martinez, Ruth and Battisti, {Michèle} and Zacklad, Manuel},
	year = {2011},
	month = {12},
	date = {2011-12-01},
	journal = {Documentaliste-Sciences de l'Information},
	pages = {24--41},
	volume = {48},
	number = {4},
	doi = {10.3917/docsi.484.0024},
	url = {http://www.cairn.info/article.php?ID_ARTICLE=DOCSI_484_0024},
	langid = {fr}
}

@misc{shneiderman1998,
	title = {Treemaps for space-constrained visualization of hierarchies},
	author = {Shneiderman, Ben},
	year = {1998},
	date = {1998},
	url = {http://www.cs.umd.edu/hcil/treemap-history/}
}

@article{descola2006,
	title = {La fabrique des images},
	author = {Descola, Philippe},
	year = {2006},
	date = {2006},
	journal = {Anthropologie et Sociétés},
	pages = {167--182},
	volume = {30},
	number = {3},
	url = {http://id.erudit.org/iderudit/014932ar}
}

@article{gärdenfors2001,
	title = {Les espaces conceptuels},
	author = {{Gärdenfors}, Peter},
	year = {2001},
	date = {2001},
	journal = {Intellectica},
	pages = {185--205},
	volume = {32},
	number = {1},
	doi = {10.3406/intel.2001.1617},
	url = {https://www.persee.fr/doc/intel_0769-4113_2001_num_32_1_1617},
	note = {Publisher: Persée - Portail des revues scientifiques en SHS},
	langid = {fre}
}

@book{lévy2011,
	title = {La sphère sémantique : Tome 1, Computation, cognition, économie de l'information},
	author = {{Lévy}, Pierre},
	year = {2011},
	month = {06},
	date = {2011-06-25},
	publisher = {Hermes Science Publications}
}

@misc{vitalirosati2021,
	title = {Ce qui pourrait être autrement: IEML et les algorithmes qui pensent},
	author = {Vitali Rosati, Marcello},
	year = {2021},
	month = {04},
	date = {2021-04-04},
	url = {http://blog.sens-public.org/marcellovitalirosati/cequipourrait/ieml.html},
	langid = {en}
}

@book{eco1994,
	title = {La recherche de la langue parfaite dans la culture européenne},
	author = {Eco, Umberto},
	year = {1994},
	month = {09},
	date = {1994-09-28},
	publisher = {Seuil},
	address = {Paris}
}

@book{belmandt1993,
	title = {Manuel de prétopologie et ses applications. Sciences humaines et sociales, réseaux, jeux, reconnaissance des formes, processus et modèles, classification, imagerie, mathématiques},
	author = {Belmandt, Z.},
	year = {1993},
	month = {09},
	date = {1993-09-21},
	publisher = {Hermes Science Publications},
	address = {Paris},
	langid = {Français}
}

@article{thibault2017,
	title = {Prétopologie et espaces habités.},
	author = {Thibault, Serge},
	year = {2017},
	month = {09},
	date = {2017-09-06},
	journal = {Revue électronique des sciences humaines et sociales.},
	url = {https://www.espacestemps.net/articles/pretopologie-espaces-habites/},
	langid = {fr}
}

@inproceedings{toumia2018,
	title = {Privacy Representation in the Internet of Things Using Pretopological Theory},
	author = {Toumia, Amri},
	year = {2018},
	month = {10},
	date = {2018-10-03},
	publisher = {Association for Computing Machinery},
	pages = {1{\textendash}5},
	series = {DTUC '18},
	doi = {10.1145/3240117.3240134},
	url = {https://doi.org/10.1145/3240117.3240134},
	address = {Paris, France}
}

@phdthesis{laborde2019,
	title = {Pretopology, a mathematical tool for structuring complex systems : methods, algorithms and applications},
	author = {Laborde, Julio},
	year = {2019},
	month = {04},
	date = {2019-04-02},
	url = {https://tel.archives-ouvertes.fr/tel-02637029},
	langid = {en}
}

@article{bastian2009,
	title = {Gephi : An Open Source Software for Exploring and Manipulating Networks},
	author = {Bastian, Mathieu and Heymann, Sebastien and Jacomy, Mathieu},
	year = {2009},
	date = {2009},
	series = {International AAAI Conference on Weblogs and Social Media},
	url = {https://gephi.org/publications/gephi-bastian-feb09.pdf},
	langid = {en}
}

@article{dalud-vincent2017,
	title = {Une autre manière de modéliser les réseaux sociaux. Applications à l{\textquoteright}étude de co-publications},
	author = {Dalud-Vincent, Monique},
	year = {2017},
	date = {2017},
	journal = {Nouvelles perspectives en sciences sociales},
	pages = {41--68},
	volume = {12},
	number = {2},
	doi = {10.7202/1040904ar},
	url = {https://www.erudit.org/fr/revues/npss/2009-v4-n2-npss03175/1040904ar/},
	note = {Publisher: Prise de parole},
	langid = {fr}
}

@book{rodighiero2021,
	title = {Cartographie des affinités: Démocratiser la visualisation des données},
	author = {Rodighiero, Dario},
	year = {2021},
	month = {06},
	date = {2021-06-11},
	publisher = {Métis Presses},
	edition = {Illustrated édition},
	address = {Genève},
	langid = {Français}
}

@article{broudoux2012,
	title = {Références scientifiques en ligne : folksonomies et activité des groupes},
	author = {Broudoux, Evelyne and {François}, Claire and Dominique, Besagni and {Cécilia}, Fabry and Clotilde, Roussel},
	year = {2012},
	month = {04},
	date = {2012-04-02},
	url = {http://archivesic.ccsd.cnrs.fr/sic_00713487}
}

@inproceedings{isaac2011,
	title = {DC-2011, The Hague},
	author = {Isaac, Antoine},
	year = {2011},
	month = {10},
	date = {2011-10-06},
	url = {http://dcevents.dublincore.org/IntConf/dc-2011/paper/view/69},
	langid = {en}
}

@article{bachimont2017,
	title = {Le numérique comme milieu : enjeux épistémologiques et phénoménologiques. : Principes pour une science des données},
	author = {Bachimont, Bruno},
	year = {2017},
	month = {12},
	date = {2017-12-06},
	journal = {Interfaces numériques},
	pages = {402--402},
	volume = {4},
	number = {3},
	doi = {10.25965/interfaces-numeriques.386},
	url = {https://www.unilim.fr/interfaces-numeriques/index.php?id=386},
	note = {Number: 3
Publisher: Université de Limoges},
	langid = {fr}
}

@book{bachimont2007,
	title = {Ingénierie des connaissances et des contenus : Le numérique entre ontologies et documents},
	author = {Bachimont, Bruno.},
	year = {2007},
	date = {2007},
	publisher = {Hermes science publications},
	series = {Science informatique et SHS},
	address = {Paris}
}

@phdthesis{levorato2008,
	title = {Contributions à la Modélisation des Réseaux Complexes : Prétopologie et Applications},
	author = {Levorato, Vincent},
	year = {2008},
	month = {12},
	date = {2008-12-05},
	url = {https://tel.archives-ouvertes.fr/tel-00460708/document},
	langid = {fr}
}

@inproceedings{szoniecky2010,
	title = {Veille Stratégique Scientifique & Technologique Systèmes d'information élaborée, Bibliométrie},
	author = {Szoniecky, Samuel},
	year = {2010},
	date = {2010},
	pages = {12 pages},
	url = {http://atlas.irit.fr/PIE/VSST/Actes_VSST_2010_Toulouse/Session%207%20-%20Ontologies/SZONIECKY.pdf},
	address = {Toulouse}
}

@inproceedings{szoniecky2011,
	title = {Proposition d'une méthode graphique pour le filtrage des flux d'information},
	author = {Szoniecky, Samuel},
	year = {2011},
	date = {2011},
	url = {http://www.sfsic.org/%C3%A9v%C3%A9nements-sfsic/doctorales-2011/doctorales-2011--publication-des-actes},
	address = {Bordeaux}
}

@book{derrida1997,
	title = {Chora L Works: Jacques Derrida and Peter Eisenman},
	author = {Derrida, Jacques},
	year = {1997},
	month = {05},
	date = {1997-05-22},
	publisher = {Monacelli Press}
}

@book{latour2012,
	title = {Enquêtes sur les modes d'existence : Une anthropologie des Modernes},
	author = {Latour, Bruno},
	year = {2012},
	month = {09},
	date = {2012-09-20},
	publisher = {Editions La Découverte},
	address = {Paris}
}

@inbook{zamora2003,
	title = {La chôra après platon},
	author = {Zamora, {José M.}},
	year = {2003},
	date = {2003},
	publisher = {Publication Univ Rouen Havre},
	pages = {16--32}
}

@book{jérusalem1993,
	title = {La Bible de Jérusalem : La Sainte Bible},
	author = {{Jérusalem}, Ecole biblique de},
	year = {1993},
	date = {1993},
	publisher = {Desclée de Brouwer},
	edition = {Nouvelle édition},
	address = {Paris},
	langid = {Français}
}

@book{saintgirons2016,
	title = {Les sens du Tao - Comprendre Lao Zi et vivre mieux},
	author = {Saint Girons, {Benoît}},
	year = {2016},
	month = {11},
	date = {2016-11-30},
	publisher = {ENTRELACS},
	address = {Paris},
	langid = {Français}
}

@book{masure2023,
	title = {Design sous artifice : la création au risque du machine learning},
	author = {Masure, Anthony},
	year = {2023},
	month = {03},
	date = {2023-03-03},
	publisher = {Head Publishing},
	edition = {Illustrated édition},
	langid = {Français}
}

@book{venn1866,
	title = {The logic of chance: An essay on the foundations and province of the theory of probability, with especial reference to its application to moral and social science},
	author = {Venn, John},
	year = {1866},
	date = {1866},
	publisher = {Macmillan}
}

@inbook{coumet2020,
	title = {Sur l{\textquoteright}histoire des diagrammes logiques, « figures géometriques »},
	author = {Coumet, Ernest},
	editor = {Roux, Sophie and Martin, Thierry},
	year = {2020},
	month = {09},
	date = {2020-09-29},
	publisher = {Presses universitaires de Franche-Comté},
	pages = {381--408},
	series = {Sciences : concepts et problèmes},
	url = {http://books.openedition.org/pufc/13838},
	note = {Code: {\OE}uvres d{\textquoteright}Ernest Coumet (T. 1)
DOI: 10.4000/books.pufc.13838},
	address = {Besançon},
	langid = {fr}
}

@article{reymond1996,
	title = {Les sentiers de la géographie (II) : ébauche d'un carnet de route},
	author = {Reymond, Henri and Brunet, Roger},
	year = {1996},
	date = {1996},
	journal = {L'Espace géographique},
	pages = {33--36},
	volume = {25},
	number = {1},
	doi = {10.3406/spgeo.1996.951},
	url = {https://www.persee.fr/doc/spgeo_0046-2497_1996_num_25_1_951},
	note = {Company: Persée - Portail des revues scientifiques en SHS
Distributor: Persée - Portail des revues scientifiques en SHS
Institution: Persée - Portail des revues scientifiques en SHS
Label: Persée - Portail des revues scientifiques en SHS
Publisher: Belin},
	langid = {fre}
}

@article{brandt2021,
	title = {De la chorématique. Les dynamiques de l{\textquoteright}espace vécu},
	author = {Brandt, Per Aage},
	year = {2021},
	month = {05},
	date = {2021-05-12},
	journal = {Revista Acta Semiotica},
	doi = {10.23925/2763-700X.2021n1.54163},
	url = {https://revistas.pucsp.br/index.php/actasemiotica/article/view/54143},
	langid = {pt}
}

@book{parrochia1993,
	title = {La raison systématique},
	author = {Parrochia, Daniel},
	year = {1993},
	date = {1993},
	publisher = {Vrin}
}

@book{hunyadi2020,
	title = {Au début est la confiance},
	author = {Hunyadi, Mark},
	year = {2020},
	month = {11},
	date = {2020-11-20},
	publisher = {Editions Le Bord de l'eau},
	edition = {1er édition},
	address = {Lormont},
	langid = {Français}
}

@inbook{bourassa2019,
	title = {Espace liminaire de l{\textquoteright}authenticité : Une démarche d{\textquoteright}humanités numériques},
	author = {Bourassa, {Renée} and Larrue, Jean-Marc and Godin, Gabrielle and Szoniecky, Samuel},
	year = {2019},
	date = {2019},
	publisher = {ISTE Editions},
	pages = {126--144}
}

@book{jauss1978,
	title = {Pour une esthétique de la réception},
	author = {Jauss, Hans Robert},
	year = {1978},
	month = {10},
	date = {1978-10-25},
	publisher = {Gallimard}
}

@inbook{citton2008,
	title = {Entre l'économie psychique de Spinoza et l'inter-psychologie économique de Tarde},
	author = {Citton, Yves},
	year = {2008},
	date = {2008},
	publisher = {Éd. Amsterdam},
	pages = {45--68},
	address = {Paris}
}

@book{morin1981,
	title = {La méthode, tome 1},
	author = {Morin, Edgar},
	year = {1981},
	month = {02},
	date = {1981-02-01},
	publisher = {Seuil}
}

@book{chardin1997,
	title = {Hymne de l'univers},
	author = {Chardin, Pierre Teilhard de and Tardivel, Fernande},
	year = {1997},
	month = {03},
	date = {1997-03-29},
	publisher = {Seuil}
}

@book{gleick1999,
	title = {La Théorie du chaos : Vers une nouvelle science},
	author = {Gleick, James},
	year = {1999},
	month = {01},
	date = {1999-01-04},
	publisher = {Flammarion}
}

@book{foucault1990,
	title = {Les Mots et les choses},
	author = {Foucault, Michel},
	year = {1990},
	month = {01},
	date = {1990-01-01},
	publisher = {Gallimard}
}

@book{guattari1992,
	title = {Chaosmose},
	author = {Guattari, {Félix}},
	year = {1992},
	month = {02},
	date = {1992-02-04},
	publisher = {Galilée},
	address = {Paris}
}

@book{morin1985,
	title = {La méthode, La vie de la vie, tome 2},
	author = {Morin, Edgar},
	year = {1985},
	month = {02},
	date = {1985-02-01},
	publisher = {Seuil}
}

@book{morin1995,
	title = {La Méthode, tome 4 : Les Idées},
	author = {Morin, Edgar},
	year = {1995},
	month = {03},
	date = {1995-03-03},
	publisher = {Seuil}
}

@book{morin2001,
	title = {La Méthode, l'humanité de l'humanité, tome 5 : L'Identité humaine},
	author = {Morin, Edgar},
	year = {2001},
	date = {2001},
	publisher = {Seuil}
}

@book{morin2006,
	title = {La Méthode : Tome 6, Ethique},
	author = {Morin, Edgar},
	year = {2006},
	month = {10},
	date = {2006-10-12},
	publisher = {Points}
}

@article{cavalin2017,
	title = {Le Centre Thomas More : genèse et enjeux},
	author = {Cavalin, Tangi},
	year = {2017},
	month = {12},
	date = {2017-12-01},
	journal = {Archives de sciences sociales des religions},
	pages = {19--34},
	number = {180},
	doi = {10.4000/assr.29717},
	url = {https://journals.openedition.org/assr/29717},
	note = {Number: 180
Publisher: Éditions de l'École des hautes études en sciences sociales},
	langid = {fr}
}

@article{andro2022,
	title = {Un état de l{\textquoteright}art des plateformes de veille en France via une grande enquête-panorama : enjeux, méthode et objectifs},
	author = {Andro, Mathieu and Bondu, {Jérôme} and Dupin, Corinne and Deschamps, Christophe},
	year = {2022},
	date = {2022},
	journal = {I2D - Information, données & documents},
	pages = {8--14},
	volume = {2},
	number = {2},
	doi = {10.3917/i2d.222.0008},
	url = {https://www.cairn.info/revue-i2d-information-donnees-et-documents-2022-2-page-8.htm},
	note = {Place: Paris
Publisher: A.D.B.S.},
	langid = {fr}
}

@inbook{hachour2014,
	title = {Espaces sémio-cognitifs : les frontières des systèmes de recommandation},
	author = {Hachour, Hakim and Szoniecky, Samuel and Abouad, Safia},
	year = {2014},
	month = {09},
	date = {2014-09-01},
	publisher = {Hermes Science Publishing Ltd},
	edition = {Collection Systèmes d'information, Web et informatique ubiquitaire édition},
	langid = {Français}
}

@misc{lévy2023,
	title = {Intelligence collective, intelligence artificielle et partage du savoir},
	author = {{Lévy}, Pierre},
	year = {2023},
	month = {07},
	date = {2023-07-12},
	url = {https://pierrelevyblog.com/2023/07/12/intelligence-collective-intelligence-artificielle-et-partage-du-savoir/},
	langid = {en}
}

@article{deuff2022,
	title = {Enjeux définitionnels et scientifiques de la littératie algorithmique : entre mécanologie et rétro-ingénierie documentaire},
	author = {Deuff, Olivier LE and Roumanos, Rayya},
	year = {2022},
	month = {06},
	date = {2022-06-01},
	journal = {tic&société},
	pages = {325--360},
	number = {Vol. 15, N° 1-2 | 2ème semestre 2021 - 1er semestre 2022},
	doi = {10.4000/ticetsociete.7105},
	url = {https://journals.openedition.org/ticetsociete/7105},
	note = {Number: Vol. 15, N° 1-2 | 2ème semestre 2021 - 1er semestre 2022
Publisher: ARTIC},
	langid = {fr}
}

@article{deuff2012,
	title = {Le réseau personnel de gestion des connaissances et la redéfinition du travail},
	author = {Deuff, Olivier Le},
	year = {2012},
	month = {04},
	date = {2012-04-15},
	journal = {Terminal. Technologie de l'information, culture & société},
	pages = {39--54},
	number = {110},
	doi = {10.4000/terminal.1227},
	url = {http://terminal.revues.org/1227},
	langid = {fr}
}

@misc{quach2022,
	title = {LITTE{\_}BOT, un robot conversationnel pour dialoguer avec des {\oe}uvres littéraires, des personnages ou leur auteur},
	author = {Quach, {Cécile} and Papa, Anna and Berenguer, Rocio and Szoniecky, Samuel and Huthwohl, {Joël} and Dendievel, Hugo and Laborderie, Arnaud},
	year = {2022},
	month = {09},
	date = {2022-09-26},
	url = {https://bnf.hypotheses.org/12976},
	langid = {french}
}

@inproceedings{pappa2023,
	title = {52nd LIBER Annual Conference},
	author = {Pappa, Anna and Szoniecky, Samuel and Berenguer, Rocio and Huthwohl, {Joël} and Quach, {Cécile} and Laborderie, Arnaud},
	year = {2023},
	month = {07},
	date = {2023-07-05},
	doi = {https://doi.org/10.36820/LIBER.2023},
	url = {https://liberconference.eu/wp-content/uploads/2023/06/LIBER_2023_conf_book_website_NEW.pdf},
	address = {Budapest},
	langid = {anglais}
}

@article{szoniecky2020,
	title = {Conception d{\textquoteright}un crible pour mesurer collectivement les impacts écologiques de l{\textquoteright}activité},
	author = {Szoniecky, Samuel},
	year = {2020},
	date = {2020},
	journal = {Les Cahiers du numerique},
	pages = {175--199},
	volume = {Vol. 16},
	number = {2},
	url = {https://www.cairn.info/revue-les-cahiers-du-numerique-2020-2-page-175.htm},
	note = {Bibliographie{\_}available: 0
Cairndomain: www.cairn.info
Cite Par{\_}available: 0
Publisher: Lavoisier},
	langid = {fr}
}

@book{µ2015a,
	title = {Principia semiotica : Aux sources du sens},
	author = {{µ}, Groupe and Edeline, Francis and Klinkenberg, Jean-Marie},
	year = {2015},
	month = {10},
	date = {2015-10-01},
	publisher = {Les impressions nouvelles éditions},
	address = {Bruxelles},
	langid = {Français}
}

@book{serres2009,
	title = {Ecrivains, savants et philosophes font le tour du monde},
	author = {Serres, Michel.},
	year = {2009},
	date = {2009},
	publisher = {Pommier},
	series = {Les essais du Pommier},
	address = {Paris}
}

@book{deleuze1980,
	title = {Mille plateaux},
	author = {Deleuze, Gilles. and Guattari, {Félix.}},
	year = {1980},
	date = {1980},
	publisher = {Éditions de minuit},
	address = {Paris}
}

@unpublished{lévy2023a,
	title = {CALCULER LA SÉMANTIQUE AVEC IEML},
	author = {{Lévy}, Pierre},
	year = {2023},
	month = {04},
	date = {2023-04},
	url = {https://hal.science/hal-04055239},
	note = {DOI: 10.13140/RG.2.2.33309.38881}
}

@article{bachimont2020,
	title = {Manifeste pour l'intelligibilité du numérique},
	author = {Bachimont, Bruno},
	year = {2020},
	month = {03},
	date = {2020-03-13},
	journal = {Revue Intelligibilité du numérique},
	url = {https://intelligibilite-numerique.numerev.com/manifeste},
	note = {Publisher: Bruno Bachimont},
	langid = {fr}
}

@inbook{citton2008a,
	title = {Les lois de l'imitation des affects},
	author = {Citton, Yves},
	year = {2008},
	date = {2008},
	publisher = {Éd. Amsterdam},
	pages = {69--102},
	address = {Paris}
}

@article{parasie2019,
	title = {À quoi tient la crédibilité des données citoyennes ?. L{\textquoteright}institutionnalisation des capteurs citoyens de pollution de l{\textquoteright}air en Californie},
	author = {Parasie, Sylvain and Dedieu, {François}},
	year = {2019},
	month = {12},
	date = {2019-12-01},
	journal = {Revue d{\textquoteright}anthropologie des connaissances},
	volume = {13},
	number = {13-4},
	url = {http://journals.openedition.org/rac/2554},
	note = {Number: 4
Publisher: Société d{\textquoteright}Anthropologie des Connaissances},
	langid = {fr}
}

@inbook{cardon2015,
	title = {Conclusion. La route et le paysage},
	author = {Cardon, Dominique},
	year = {2015},
	date = {2015},
	publisher = {Le Seuil},
	pages = {105--106},
	series = {La République des idées},
	url = {https://www.cairn.info/a-quoi-revent-les-algorithmes--9782021279962-p-105.htm},
	address = {Paris},
	langid = {fr}
}

@misc{lecun,
	title = {A vision to make AI systems learn and reason like animals and humans},
	author = {LeCun, Yann},
	url = {https://ai.meta.com/blog/yann-lecun-advances-in-ai-research/},
	langid = {en}
}

@phdthesis{leveau-vallier2023,
	title = {Intelligence artificielle et intuition},
	author = {Leveau-Vallier, Alban},
	year = {2023},
	month = {01},
	date = {2023-01-27},
	url = {https://hal.science/tel-04015572/document},
	langid = {fr}
}

@book{gandon2012,
	title = {Le Web sémantique :  comment lier les données et les schémas sur le Web ?},
	author = {Gandon, Fabien L. and Faron-Zucker, Catherine and Corby, Olivier},
	year = {2012},
	date = {2012},
	publisher = {Dunod},
	series = {InfoPro},
	note = {Country: FR
ill., graph., tabl., couv. ill. en coul. 25 cm. Index.},
	address = {Paris},
	langid = {fre}
}

@book{moretti2008,
	title = {Graphes, cartes et arbres : Modèles abstraits pour une autre histoire de la littérature},
	author = {Moretti, Franco and Jeanpierre, Laurent and Dobenesque, Etienne},
	year = {2008},
	month = {03},
	date = {2008-03-05},
	publisher = {Les Prairies Ordinaires},
	address = {Paris}
}

@book{latour2015,
	title = {Face à Gaïa},
	author = {Latour, Bruno},
	year = {2015},
	month = {10},
	date = {2015-10-08},
	publisher = {La Découverte},
	address = {Paris},
	langid = {Français}
}

@book{ingold,
	title = {L'anthropologie comme éducation},
	author = {Ingold, Tim},
	series = {Collection Paideia},
	note = {ill. 24 cm. Bibliogr. p.113-117.},
	langid = {fre}
}

@article{hörl2012,
	title = {Le nouveau paradigme écologique},
	author = {{Hörl}, Erich and Plas, Guillaume},
	year = {2012},
	date = {2012},
	journal = {Multitudes},
	pages = {74},
	volume = {51},
	number = {4},
	doi = {10.3917/mult.051.0074},
	url = {http://accesdistant.bu.univ-paris8.fr:2056/article.php?ID_ARTICLE=MULT_051_0074&DocId=236472&Index=%2Fcairn2Idx%2Fcairn&TypeID=226&BAL=ankPawzF93mrk&HitCount=2&hits=1add+1adc+0&fileext=html#hit1}
}

@article{latour2009,
	title = {Sur un livre d{\textquoteright}Etienne Souriau : Les Différents modes d{\textquoteright}existence},
	author = {Latour, Bruno},
	year = {2009},
	date = {2009},
	url = {http://www.bruno-latour.fr/sites/default/files/98-SOURIAU-FR.pdf},
	langid = {fr}
}

@book{stiegler2005,
	title = {De la misère symbolique : Tome 2, La catastrophe du sensible},
	author = {Stiegler, Bernard},
	year = {2005},
	month = {04},
	date = {2005-04-07},
	publisher = {Editions Galilée}
}

@phdthesis{nguyen2018,
	title = {Modèles neuronaux pour la recherche d'information: approches dirigées par les ressources sémantiques},
	author = {Nguyen, Gia-Hung},
	year = {2018},
	month = {12},
	date = {2018-12-18},
	url = {https://theses.hal.science/tel-02507902/document},
	langid = {en}
}

@inbook{desfrichesdoria2021a,
	title = {Eduquer à l'esprit critique avec Polemika - Entre {"}habitus numérique{"} et mobilisation des émotions},
	author = {Desfriches Doria, {Orélie} and Meunier, Jean-Marc},
	year = {2021},
	date = {2021},
	pages = {112--124},
	note = {OCLC: 1292595456},
	address = {Campus Condorcet Paris-Aubervilliers},
	langid = {French}
}

@book{hunyadi2020a,
	title = {Au début est la confiance},
	author = {Hunyadi, Mark},
	year = {2020},
	month = {11},
	date = {2020-11-20},
	publisher = {Editions Le Bord de l'eau},
	edition = {1er édition},
	address = {Lormont},
	langid = {Français}
}

@book{jauss1978a,
	title = {Pour une esthétique de la réception},
	author = {Jauss, Hans Robert},
	year = {1978},
	month = {10},
	date = {1978-10-25},
	publisher = {Gallimard}
}

@book{latour2012a,
	title = {Enquêtes sur les modes d'existence : Une anthropologie des Modernes},
	author = {Latour, Bruno},
	year = {2012},
	month = {09},
	date = {2012-09-20},
	publisher = {Editions La Découverte},
	address = {Paris}
}

@inbook{citton2008b,
	title = {Un devenir spinoziste de sciences sociales ?},
	author = {Citton, Yves and Lordon, {Frédéric}},
	year = {2008},
	date = {2008},
	publisher = {Éd. Amsterdam},
	pages = {15--44},
	address = {Paris}
}

@book{berque2009a,
	title = {Ecoumène : Introduction à l'étude des milieux humains},
	author = {Berque, Augustin},
	year = {2009},
	month = {09},
	date = {2009-09-08},
	publisher = {Belin}
}

@article{debaise2021,
	title = {Résister à l{\textquoteright}amincissement du monde},
	author = {Debaise, Didier and Stengers, Isabelle},
	year = {2021},
	month = {12},
	date = {2021-12-24},
	journal = {Multitudes},
	pages = {129--137},
	volume = {85},
	number = {4},
	url = {https://www.cairn.info/revue-multitudes-2021-4-page-129.htm},
	note = {Bibliographie{\_}available: 0
Cairndomain: www.cairn.info
Cite Par{\_}available: 0
Publisher: Association Multitudes},
	langid = {fr}
}

@book{deleuze2005,
	title = {Qu'est-ce que la philosophie ?},
	author = {Deleuze, Gilles and Guattari, {Félix}},
	year = {2005},
	date = {2005},
	publisher = {Les Editions de Minuit},
	langid = {Français}
}

@book{peirce2003,
	title = {Pragmatisme et sciences normatives},
	author = {Peirce, Charles Sanders and Tiercelin, Claudine},
	year = {2003},
	date = {2003},
	publisher = {Les Ed. du Cerf},
	note = {OCLC: 716556313},
	address = {Paris},
	langid = {French}
}

@inbook{balpe2002,
	title = {La programmation du sens},
	author = {Balpe, Jean-Pierre},
	year = {2002},
	month = {01},
	date = {2002-01-31},
	publisher = {Odile Jacob}
}

@article{szoniecky,
	title = {2016 - Generative Stein Poems},
	author = {Szoniecky, Samuel and Balpe, Jean-Pierre and Reyes, Everardo},
	url = {https://www.academia.edu/28638189/2016_-_Generative_Stein_Poems},
	langid = {en}
}

@article{szoniecky2012a,
	title = {Générateur hypertextuel pour l'interprétation des médias sociaux dans une topologie sémantique},
	author = {Szoniecky, Samuel and Hachour, Hakim and Bouhai, Nasreddine},
	year = {2012},
	month = {09},
	date = {2012-09-01},
	journal = {Les Cahiers du numérique},
	pages = {93--121},
	volume = {Vol. 7, Empreintes de l{\textquoteright}hypertexte sous la direction de Caroline Angé},
	number = {3},
	url = {http://lcn.revuesonline.com/article.jsp?articleId=17695},
	langid = {fr}
}

@book{szoniecky2017a,
	title = {Écosystème de connaissances :  méthode de modélisation et d{\textquoteright}analyse de l{\textquoteright}information et de la communication},
	author = {Szoniecky, Samuel},
	year = {2017},
	date = {2017},
	publisher = {ISTE Editions}
}

@article{szoniecky2019,
	title = {Métamorphoses et hybridations d{\textquoteright}une archive numérique pour sa valorisation : vers des écosystèmes de connaissances},
	author = {Szoniecky, Samuel},
	editor = {Leleu-Merviel, Sylvie and Zreik, Khaldoun},
	year = {2019},
	date = {2019},
	journal = {Journal of Human Mediated Interactions},
	pages = {77--104},
	volume = {20},
	number = {1},
	url = {http://europia.org/RIHM/V20N1/3-RIHM20V1-samszo.pdf},
	langid = {en}
}

@inproceedings{szoniecky2019a,
	title = {4th International Conference on Internet of Things, Big Data and Security},
	author = {Szoniecky, Samuel and Toumia, Amri},
	year = {2019},
	date = {2019},
	publisher = {SCITEPRESS - Science and Technology Publications},
	pages = {399--407},
	doi = {10.5220/0007751703990407},
	url = {http://www.scitepress.org/DigitalLibrary/Link.aspx?doi=10.5220/0007751703990407},
	address = {Heraklion, Crete, Greece}
}

@misc{concepti,
	title = {Conception d{\textquoteright}un crible pour mesurer collectivement les impacts écologiques de l{\textquoteright}activité | Cairn.info},
	url = {https://www.cairn.info/revue-les-cahiers-du-numerique-2020-2-page-175.htm}
}

@inbook{juanals2010,
	title = {De l'émergence de nouvelles technologies intellectuelles},
	author = {Juanals, Brigitte and Noyer, Jean-Max},
	year = {2010},
	month = {04},
	date = {2010-04-21},
	publisher = {Hermes Science Publications}
}

@book{citton2014,
	title = {Pour une écologie de l'attention},
	author = {Citton, Yves},
	year = {2014},
	month = {09},
	date = {2014-09-11},
	publisher = {Seuil},
	address = {Paris},
	langid = {Français}
}

@book{latour2017,
	title = {Où atterrir ?: Comment s'orienter en politique},
	author = {Latour, Bruno},
	year = {2017},
	month = {10},
	date = {2017-10-12},
	publisher = {La Découverte},
	address = {Paris},
	langid = {Français}
}

@article{dufort2015,
	title = {‪Jeux pervasifs culturels : conception d{\textquoteright}un outil descriptif et taxonomique‪},
	author = {Dufort, Diane and Tajariol, Federico and Roxin, Ioan},
	year = {2015},
	date = {2015},
	journal = {Questions de communication},
	pages = {19--41},
	volume = {28},
	number = {2},
	url = {https://www.cairn.info/revue-questions-de-communication-2015-2-page-19.htm},
	note = {Bibliographie{\_}available: 1
Cairndomain: www.cairn.info
Cite Par{\_}available: 0
Publisher: Éditions de l'Université de Lorraine},
	langid = {fr}
}

@article{deuff2019,
	title = {La fiche entre économie informationnelle et attentionnelle The index card between informational and attentional economy},
	author = {Deuff, Olivier Le},
	year = {2019},
	month = {04},
	date = {2019-04-04}
}

@inbook{card1999,
	title = {Readings in Information Visualization},
	author = {Card, Stuart K. and Mackinlay, Jock D. and Shneiderman, Ben},
	editor = {Card, Stuart K. and Mackinlay, Jock D. and Shneiderman, Ben},
	year = {1999},
	date = {1999},
	publisher = {Morgan Kaufmann Publishers Inc.},
	pages = {579{\textendash}581},
	url = {http://dl.acm.org/citation.cfm?id=300679.300826},
	address = {San Francisco, CA, USA}
}

@inbook{cazenave2006,
	title = {Le coup de dé ou l'affirmation du hasard},
	author = {Cazenave, Catherine},
	year = {2006},
	month = {05},
	date = {2006-05-20},
	publisher = {Hermann}
}

@book{boulez1975,
	title = {Par volonte et par hasard},
	author = {Boulez, Pierre},
	year = {1975},
	month = {11},
	date = {1975-11-01},
	publisher = {Seuil}
}

@article{scottlee1998,
	title = {Par delà la mimêsis : Mallarmé, Boulez et Cage},
	author = {Scott Lee, Jonathan},
	year = {1998},
	month = {09},
	date = {1998-09-17},
	journal = {Revue esthétique},
	pages = {295--311},
	number = {numéro 13-14-15}
}

@phdthesis{sauret2020,
	title = {De la revue au collectif : la conversation comme dispositif d{\textquoteright}éditorialisation des communautés savantes en lettres et sciences humaines},
	author = {Sauret, Nicolas},
	year = {2020},
	month = {11},
	date = {2020-11-20},
	url = {https://theses.fr/2020PA100146}
}

@misc{ertzscheid2023,
	title = {GPT-3 : c'est toi le Chat.},
	author = {Ertzscheid, Olivier},
	year = {2023},
	month = {01},
	date = {2023-01-02},
	url = {https://affordance.framasoft.org/2023/01/gpt-3-cest-toi-le-chat/},
	note = {Section: Digital Labor},
	langid = {french}
}

@book{saleh1992,
	title = {Les Bases de données avancées},
	author = {Saleh, Imad},
	year = {1992},
	month = {12},
	date = {1992-12-21},
	publisher = {Hermes Sciences Publicat.},
	address = {Paris},
	langid = {Français}
}

@book{lévy1990,
	title = {Les technologies de l'intelligence L'avenir de la pensée à l'ère informatique},
	author = {{Lévy}, Pierre},
	year = {1990},
	date = {1990},
	series = {Points Sciences},
	number = {S90},
	edition = {Edition la découverte},
	address = {Paris}
}

@inbook{bateson2008,
	title = {Crise dans l'écologie de l'esprit},
	author = {Bateson, Gregory},
	year = {2008},
	month = {02},
	date = {2008-02-07},
	publisher = {Seuil},
	edition = {édition revue et corrigée}
}

@misc{surrallés2024,
	title = {La fin du relativisme (2/2) - AOC media},
	author = {{Surrallés}, Alexandre},
	year = {2024},
	month = {04},
	date = {2024-04-29},
	url = {https://aoc.media/analyse/2024/04/29/la-fin-du-relativisme-2-2/},
	langid = {french}
}

@book{souriau2009,
	title = {Les différents modes d'existence suivi de Du mode d'existence de l'oeuvre à faire},
	author = {Souriau, {Étienne} and Stengers, Isabelle and Latour, Bruno},
	year = {2009},
	date = {2009},
	publisher = {Presses universitaires de France},
	series = {MétaphysiqueS},
	edition = {Nouvelle édition},
	address = {Paris},
	langid = {fre}
}

@inbook{callon2006,
	title = {Sociologie de l{\textquoteright}acteur réseau},
	author = {Callon, Michel},
	editor = {Akrich, Madeleine and Latour, Bruno},
	year = {2006},
	date = {2006},
	publisher = {Presses des Mines},
	pages = {267--276},
	series = {Sciences sociales},
	url = {https://books.openedition.org/pressesmines/1201},
	note = {Code: Sociologie de la traduction : Textes fondateurs
DOI: 10.4000/books.pressesmines.1201},
	address = {Paris},
	langid = {fr}
}

@inbook{szoniecky2018,
	title = {Jeux d'interprétations collectives pour cartographier les influences sapientielles},
	author = {Szoniecky, Samuel},
	year = {2018},
	date = {2018},
	publisher = {Presses universitaires de Nancy},
	series = {Aliento},
	number = {9},
	edition = {Editions Universitaires de Lorraine},
	url = {http://www.lcdpu.fr/livre/?GCOI=27000100976800&fa=details},
	langid = {FR}
}

@article{gouédard2012,
	title = {Pouvoir d{\textquoteright}agir et capacités d{\textquoteright}agir : une perspective méthodologique ?. Illustration dans le champ de la santé, sécurité et conditions de travail},
	author = {{Gouédard}, Catherine and Rabardel, Pierre},
	year = {2012},
	month = {10},
	date = {2012-10-30},
	journal = {Perspectives interdisciplinaires sur le travail et la santé},
	number = {14-2},
	doi = {10.4000/pistes.2808},
	url = {http://journals.openedition.org/pistes/2808},
	langid = {fr}
}

@phdthesis{brun2017,
	title = {Modéliser le pouvoir expansif de la structuration des connaissances en conception innovante : mise en évidence des effets génératifs du K-preordering grâce à l'étude du non-verbal},
	author = {Brun, Juliette},
	year = {2017},
	month = {05},
	date = {2017-05-31},
	url = {https://pastel.archives-ouvertes.fr/tel-01774457/document},
	langid = {fr}
}

@book{spinoza,
	title = {Éthique, Ethique démontrée suivant l'ordre géométrique et divisée en cinq parties - Vol. III},
	author = {Spinoza, Baruch},
	langid = {fr}
}

@book{µ2015b,
	title = {Principia semiotica : Aux sources du sens},
	author = {{µ}, Groupe and Edeline, Francis and Klinkenberg, Jean-Marie},
	year = {2015},
	month = {10},
	date = {2015-10-01},
	publisher = {Les impressions nouvelles éditions},
	address = {Bruxelles},
	langid = {Français}
}

@misc{deleuze,
	title = {Deleuze: Leibniz: 24/02/1987},
	author = {Deleuze, Gilles},
	url = {http://www.webdeleuze.com/php/texte.php?cle=139&groupe=Leibniz&langue=1}
}

@article{deleuze2003a,
	title = {Leibniz : âme et damnation},
	author = {Deleuze, Gilles},
	year = {2003},
	date = {2003},
	url = {https://www.librairie-gallimard.com/livre/9782070734771-leibniz-ame-et-damnation-gilles-deleuze/},
	langid = {fr}
}

@book{deleuze2001,
	title = {Spinoza : immortalité et éternité},
	author = {Deleuze, Gilles},
	year = {2001},
	date = {2001},
	publisher = {Gallimard},
	address = {Paris}
}

@book{saleh2018,
	title = {Challenges of the Internet of Things: Technique, Use, Ethics},
	author = {Saleh, Imad and Ammi, Mehdi and Szoniecky, Samuel},
	year = {2018},
	month = {09},
	date = {2018-09-21},
	publisher = {ISTE Ltd},
	address = {Hoboken, NJ},
	langid = {Anglais}
}

@inbook{quéré2020,
	title = {Action située et perception du sens},
	author = {{Quéré}, Louis},
	editor = {De Fornel, Michel},
	year = {2020},
	month = {07},
	date = {2020-07-02},
	publisher = {Éditions de l{\textquoteright}École des hautes études en sciences sociales},
	pages = {301--338},
	series = {Raisons pratiques},
	url = {http://books.openedition.org/editionsehess/10705},
	note = {Code: La logique des situations : Nouveaux regards sur l{\textquoteright}écologie des activités sociales},
	address = {Paris}
}

@book{stiegler2004,
	title = {De la misère symbolique : Tome 1. L'époque hyperindustrielle},
	author = {Stiegler, Bernard},
	year = {2004},
	month = {03},
	date = {2004-03-11},
	publisher = {Editions Galilée}
}

@book{berns2009,
	title = {Gouverner sans gouverner : Une archéologie politique de la statistique},
	author = {Berns, Thomas},
	year = {2009},
	month = {05},
	date = {2009-05-06},
	publisher = {Presses Universitaires de France - PUF},
	edition = {1}
}

@inbook{zacklad2010,
	title = {Introduction aux appareils de capture sémantique dans les TIC et les SI},
	author = {Zacklad, Manuel},
	year = {2010},
	month = {04},
	date = {2010-04-21},
	publisher = {Hermes Science Publications}
}

@inproceedings{szoniecky2019b,
	title = {4th International Conference on Internet of Things, Big Data and Security},
	author = {Szoniecky, Samuel and Toumia, Amri},
	year = {2019},
	date = {2019},
	publisher = {SCITEPRESS - Science and Technology Publications},
	pages = {399--407},
	doi = {10.5220/0007751703990407},
	url = {http://www.scitepress.org/DigitalLibrary/Link.aspx?doi=10.5220/0007751703990407},
	address = {Heraklion, Crete, Greece}
}

@book{leroi-gourhan1964,
	title = {Le Geste et la Parole, tome 1 : Technique et Langage},
	author = {Leroi-Gourhan, {André}},
	year = {1964},
	month = {11},
	date = {1964-11-18},
	publisher = {Albin Michel}
}

@inproceedings{reymond2023,
	title = {Les chercheurs dans la boucle de la Science Ouverte SoVisu : visibilité et lisibilité},
	author = {Reymond, David},
	year = {2023},
	month = {04},
	date = {2023-04},
	publisher = {Sorbonne Université},
	url = {https://hal.science/hal-04119719},
	address = {Paris, France}
}

@inproceedings{brasselet2022,
	title = {Colloque ADMEE},
	author = {Brasselet, {Célénie} and Gimenes, Guillaume and Gros, Hippolyte and Alain, Guerrien and Iacono, Eric and Indoumou Peppe, Charlay and {Clément}, Evelyne},
	year = {2022},
	month = {01},
	date = {2022-01-01}
}

@book{baltz2010,
	title = {Shannon, critiques, dépliages, reconstruction},
	author = {Baltz, Claude},
	year = {2010},
	date = {2010},
	edition = {Europia Production},
	address = {Paris}
}

@article{petitot1978,
	title = {Sur le modèle historique de Thom-Pomian},
	author = {Petitot, J},
	year = {1978},
	date = {1978},
	pages = {29},
	langid = {fr}
}

@inproceedings{szoniecky2019c,
	title = {4th International Conference on Internet of Things, Big Data and Security},
	author = {Szoniecky, Samuel and Toumia, Amri},
	year = {2019},
	date = {2019},
	publisher = {SCITEPRESS - Science and Technology Publications},
	pages = {399--407},
	doi = {10.5220/0007751703990407},
	url = {http://www.scitepress.org/DigitalLibrary/Link.aspx?doi=10.5220/0007751703990407},
	address = {Heraklion, Crete, Greece}
}

@article{szoniecky2020a,
	title = {Design de connaissances dans l{\textquoteright}Internet des Objets : Blockchain et réfrigérateur connecté},
	author = {Szoniecky, Samuel and Toumia, Amri},
	year = {2020},
	month = {06},
	date = {2020-06-10},
	journal = {Communication management},
	pages = {39--52},
	volume = {Vol. 17},
	number = {1},
	url = {https://www.cairn.info/revue-communication-et-management-2020-1-page-39.htm},
	note = {Publisher: ESKA},
	langid = {fr}
}

@article{szoniecky2018a,
	title = {Prétopologie et protection de la vie privée dans l{\textquoteright}Internet des Objets},
	author = {Szoniecky, Samuel and Toumia, Amri},
	year = {2018},
	date = {2018},
	journal = {Internet des objets},
	volume = {2},
	number = {Numéro 1},
	doi = {10.21494/ISTE.OP.2018.0227},
	url = {https://www.openscience.fr/Pretopologie-et-protection-de-la-vie-privee-dans-l-Internet-des-Objets}
}

@article{saleh2017,
	title = {Les enjeux et les défis de l{\textquoteright}Internet des Objets (IdO)},
	author = {Saleh, Imad},
	year = {2017},
	date = {2017},
	journal = {Internet des objets},
	volume = {1},
	number = {Numéro 1},
	doi = {10.21494/ISTE.OP.2017.0133},
	url = {http://www.openscience.fr/Les-enjeux-et-les-defis-de-l-Internet-des-Objets-IdO}
}

@misc{tasra,
	title = {Transposition didactique},
	author = {Tasra, {Saïd}},
	url = {https://dfi.hypotheses.org/1110},
	note = {DOI: 10.58079/nk3s},
	langid = {french}
}

@phdthesis{jedrzejewski2007,
	title = {Diagrammes et Catégories},
	author = {Jedrzejewski, Franck},
	year = {2007},
	date = {2007},
	url = {http://tel.archives-ouvertes.fr/tel-00193292/en/},
	address = {Paris}
}

@article{moreux2019,
	title = {Recherche d{\textquoteright}images dans les bibliothèques numériques patrimoniales et expérimentation de techniques d{\textquoteright}apprentissage profond},
	author = {Moreux, Jean-Philippe},
	year = {2019},
	month = {04},
	date = {2019-04-01},
	journal = {Documentation et Bibliothèques, avril-juin 2019, Montréal},
	volume = {65},
	note = {Citation Key: 42058}
}

@inproceedings{szoniecky2023,
	title = {13th Conference of the International Association for Visual Semiotics},
	author = {Szoniecky, Samuel and Reyes, Everardo and Saleh, Imad and Zreik, Khaldoun},
	year = {2023},
	month = {10},
	date = {2023-10-29},
	address = {Bogota, Colombie}
}

@article{goodfellow,
	title = {Generative Adversarial Networks},
	author = {Goodfellow, Ian J. and Pouget-Abadie, Jean and Mirza, Mehdi and Xu, Bing and Warde-Farley, David and Ozair, Sherjil and Courville, Aaron and Bengio, Yoshua},
	doi = {10.48550/arXiv.1406.2661}
}

@misc{perera2023,
	title = {DALL·E 2 vs Midjourney vs Stable Diffusion},
	author = {Perera, Anjana Samindra},
	year = {2023},
	month = {02},
	date = {2023-02-19},
	url = {https://medium.com/mlearning-ai/dall-e-2-vs-midjourney-vs-stable-diffusion-8eb9eb7d20be},
	langid = {en}
}

@misc{mineur2022,
	title = {Réflexions provisoires liées aux intelligences artificielles},
	author = {Mineur, Etienne},
	year = {2022},
	month = {05},
	date = {2022-05-23},
	url = {https://etienne.design/2022/02/16/ai-3/},
	langid = {french}
}

@misc{perrigo,
	title = {OpenAI Used Kenyan Workers on Less Than {\$}2 Per Hour: Exclusive | Time},
	author = {Perrigo, Billy},
	url = {https://time.com/6247678/openai-chatgpt-kenya-workers/}
}

@book{habermas2013,
	title = {De l'éthique de la discussion},
	author = {Habermas, {Jürgen}},
	year = {2013},
	month = {10},
	date = {2013-10-05},
	publisher = {FLAMMARION},
	address = {Paris},
	langid = {Français}
}

@misc{delsignore2023,
	title = {Microsoft Releases Visual ChatGPT},
	author = {DelSignore, Paul},
	year = {2023},
	month = {03},
	date = {2023-03-13},
	url = {https://medium.com/geekculture/microsoft-releases-visual-chatgpt-5710147aaa20},
	langid = {en}
}

@article{wu,
	title = {Visual ChatGPT: Talking, Drawing and Editing with Visual Foundation Models},
	author = {Wu, Chenfei and Yin, Shengming and Qi, Weizhen and Wang, Xiaodong and Tang, Zecheng and Duan, Nan},
	doi = {10.48550/arXiv.2303.04671}
}

@inproceedings{bourassa2023,
	title = {Frontières du numérique et puissances du faux : le cas des hypertrucages (deepfakes)},
	author = {Bourassa, {Renée} and Richert, Fabien},
	year = {2023},
	date = {2023},
	address = {Hammamet, Tunisie},
	langid = {French}
}

@book{wittgenstein1987,
	title = {De la certitude},
	author = {Wittgenstein, Ludwig},
	year = {1987},
	month = {09},
	date = {1987-09-22},
	publisher = {Gallimard}
}

@phdthesis{gardies2012,
	title = {Dispositifs info-communicationnels de médiation des savoirs : cadre d{\textquoteright}analyse pour l{\textquoteright}information-documentation},
	author = {Gardies, {Cécile}},
	year = {2012},
	month = {10},
	date = {2012-10-12},
	url = {https://hal.archives-ouvertes.fr/tel-01725359},
	langid = {fr}
}

@inbook{dewey2021,
	title = {22. Regard vers le futur},
	author = {Dewey, John and Tufts, James Hayden},
	year = {2021},
	date = {2021},
	publisher = {Gallimard},
	pages = {494--510},
	series = {Bibliothèque de Philosophie},
	url = {https://www.cairn.info/ethique--9782070144631-p-494.htm},
	address = {Paris},
	langid = {fr}
}
