@article{knuth84,
  author = {Knuth, Donald E.},
  title = {Literate Programming},
  year = {1984},
  issue_date = {May 1984},
  publisher = {Oxford University Press, Inc.},
  address = {USA},
  volume = {27},
  number = {2},
  issn = {0010-4620},
  url = {https://doi.org/10.1093/comjnl/27.2.97},
  doi = {10.1093/comjnl/27.2.97},
  journal = {Comput. J.},
  month = may,
  pages = {97–111},
  numpages = {15}
}



@phdthesis{szoniecky2012,
	title = {Évaluation et conception d'un langage symbolique pour l'intelligence collective : Vers un langage allégorique pour le Web},
	author = {Szoniecky, Samuel},
	year = {2012},
	month = {12},
	date = {2012-12-07},
	url = {http://tel.archives-ouvertes.fr/tel-00764457}
}
